<?xml version="1.0" encoding="UTF-8"?>
<!DOCTYPE html PUBLIC "-//W3C//DTD XHTML 1.0 Transitional//EN"
    "http://www.w3.org/TR/xhtml1/DTD/xhtml1-transitional.dtd">
<html xmlns="http://www.w3.org/1999/xhtml" xml:lang="en" lang="en">
 <head>
  <title>
</title>
<meta http-equiv="Content-Type" content="text/html;charset=utf-8" />
  <meta name='ocr-system' content='tesseract 3.04.00' />
  <meta name='ocr-capabilities' content='ocr_page ocr_carea ocr_par ocr_line ocrx_word'/>
</head>
<body>
  <div class='ocr_page' id='page_1' title='image "./commentationese01volkgoog_0018.png"; bbox 0 0 3332 5236; ppageno 0'>
   <div class='ocr_carea' id='block_1_1' title="bbox 792 361 812 424">
    <p class='ocr_par' dir='ltr' id='par_1_1' title="bbox 792 361 812 424">
     <span class='ocr_line' id='line_1_1' title="bbox 792 361 812 424; baseline 0 0"><span class='ocrx_word' id='word_1_1' title='bbox 792 361 812 424; x_wconf 81' lang='lat' dir='ltr'><strong>h</strong></span> 
     </span>
    </p>
   </div>
   <div class='ocr_carea' id='block_1_2' title="bbox 86 534 1502 3971">
    <p class='ocr_par' dir='ltr' id='par_1_2' title="bbox 86 534 1502 2756">
     <span class='ocr_line' id='line_1_2' title="bbox 160 534 1439 628; baseline 0.002 -22"><span class='ocrx_word' id='word_1_2' title='bbox 160 550 297 626; x_wconf 65' lang='lat' dir='ltr'><strong>appsrd,</strong></span> <span class='ocrx_word' id='word_1_3' title='bbox 319 543 368 606; x_wconf 90' lang='lat' dir='ltr'><strong>eui</strong></span> <span class='ocrx_word' id='word_1_4' title='bbox 388 543 455 608; x_wconf 87' lang='lat' dir='ltr'><strong>illae</strong></span> <span class='ocrx_word' id='word_1_5' title='bbox 476 559 616 608; x_wconf 81' lang='grc' dir='ltr'><strong><em>οοεεοοοο</em></strong></span> <span class='ocrx_word' id='word_1_6' title='bbox 635 542 735 624; x_wconf 75' lang='grc' dir='ltr'><strong><em>νομαὶ</em></strong></span> <span class='ocrx_word' id='word_1_7' title='bbox 757 534 938 628; x_wconf 71' lang='grc' dir='ltr'><strong><em>εὐπρεπεῖς</em></strong></span> <span class='ocrx_word' id='word_1_8' title='bbox 956 552 1105 608; x_wconf 74' lang='lat' dir='ltr'><strong>vocantur.</strong></span> <span class='ocrx_word' id='word_1_9' title='bbox 1135 543 1213 617; x_wconf 79' lang='lat' dir='ltr'><strong>Quid</strong></span> <span class='ocrx_word' id='word_1_10' title='bbox 1228 544 1337 612; x_wconf 73' lang='lat' dir='ltr'><strong>mirum</strong></span> <span class='ocrx_word' id='word_1_11' title='bbox 1350 545 1439 627; x_wconf 67' lang='lat' dir='ltr'><strong>igitur</strong></span> 
     </span>
     <span class='ocr_line' id='line_1_3' title="bbox 159 642 1438 726; baseline 0.002 -18"><span class='ocrx_word' id='word_1_12' title='bbox 159 645 189 708; x_wconf 84' lang='lat' dir='ltr'><strong>ai</strong></span> <span class='ocrx_word' id='word_1_13' title='bbox 210 642 387 709; x_wconf 65' lang='lat' dir='ltr'><strong>scholiastae</strong></span> <span class='ocrx_word' id='word_1_14' title='bbox 407 643 566 718; x_wconf 76' lang='lat' dir='ltr'><strong>liutardum,</strong></span> <span class='ocrx_word' id='word_1_15' title='bbox 588 644 677 708; x_wconf 85' lang='lat' dir='ltr'><strong>veluti</strong></span> <span class='ocrx_word' id='word_1_16' title='bbox 699 645 798 708; x_wconf 89' lang='lat' dir='ltr'><strong>Schol.</strong></span> <span class='ocrx_word' id='word_1_17' title='bbox 812 645 884 711; x_wconf 80' lang='lat' dir='ltr'><strong>Van</strong></span> <span class='ocrx_word' id='word_1_18' title='bbox 907 643 940 708; x_wconf 91' lang='lat' dir='ltr'><strong>ll.</strong></span> <span class='ocrx_word' id='word_1_19' title='bbox 963 645 986 708; x_wconf 87' lang='grc' dir='ltr'><strong>Ι.</strong></span> <span class='ocrx_word' id='word_1_20' title='bbox 1001 647 1074 720; x_wconf 73' lang='lat' dir='ltr'><strong>ihi,</strong></span> <span class='ocrx_word' id='word_1_21' title='bbox 1096 663 1163 710; x_wconf 75' lang='grc' dir='ltr'><strong><em>εισι</em></strong></span> <span class='ocrx_word' id='word_1_22' title='bbox 1184 645 1317 726; x_wconf 87' lang='lat' dir='ltr'><strong>produnt</strong></span> <span class='ocrx_word' id='word_1_23' title='bbox 1335 663 1438 712; x_wconf 80' lang='grc' dir='ltr'><strong><em>εοοιο·</em></strong></span> 
     </span>
     <span class='ocr_line' id='line_1_4' title="bbox 161 745 1439 840; baseline 0 -28"><span class='ocrx_word' id='word_1_24' title='bbox 161 765 215 812; x_wconf 81' lang='lat' dir='ltr'><strong>ne</strong></span> <span class='ocrx_word' id='word_1_25' title='bbox 235 745 398 820; x_wconf 70' lang='lat' dir='ltr'><strong>uodonem.</strong></span> <span class='ocrx_word' id='word_1_26' title='bbox 420 763 478 826; x_wconf 82' lang='lat' dir='ltr'><strong>qua</strong></span> <span class='ocrx_word' id='word_1_27' title='bbox 500 745 578 808; x_wconf 78' lang='lat' dir='ltr'><strong>rocio</strong></span> <span class='ocrx_word' id='word_1_28' title='bbox 600 745 722 808; x_wconf 82' lang='lat' dir='ltr'><strong>ahcaius</strong></span> <span class='ocrx_word' id='word_1_29' title='bbox 743 746 774 812; x_wconf 90' lang='lat' dir='ltr'><strong>in</strong></span> <span class='ocrx_word' id='word_1_30' title='bbox 795 747 862 827; x_wconf 84' lang='lat' dir='ltr'><strong>ipso</strong></span> <span class='ocrx_word' id='word_1_31' title='bbox 883 763 971 810; x_wconf 84' lang='lat' dir='ltr'><strong>versu</strong></span> <span class='ocrx_word' id='word_1_32' title='bbox 992 745 1031 811; x_wconf 90' lang='lat' dir='ltr'><strong>sit</strong></span> <span class='ocrx_word' id='word_1_33' title='bbox 1050 746 1130 840; x_wconf 66' lang='lat' dir='ltr'><strong>nnis,</strong></span> <span class='ocrx_word' id='word_1_34' title='bbox 1152 745 1190 810; x_wconf 86' lang='grc' dir='ltr'><strong><em>δε</em></strong></span> <span class='ocrx_word' id='word_1_35' title='bbox 1206 765 1268 828; x_wconf 76' lang='lat' dir='ltr'><strong>qua</strong></span> <span class='ocrx_word' id='word_1_36' title='bbox 1282 757 1350 827; x_wconf 85' lang='lat' dir='ltr'><strong>post</strong></span> <span class='ocrx_word' id='word_1_37' title='bbox 1363 747 1439 812; x_wconf 76' lang='lat' dir='ltr'><strong>llos·</strong></span> 
     </span>
     <span class='ocr_line' id='line_1_5' title="bbox 159 846 1438 930; baseline 0.001 -17"><span class='ocrx_word' id='word_1_38' title='bbox 159 865 307 913; x_wconf 66' lang='lat' dir='ltr'><strong>murno</strong></span> <span class='ocrx_word' id='word_1_39' title='bbox 333 846 411 913; x_wconf 88' lang='lat' dir='ltr'><strong>inter</strong></span> <span class='ocrx_word' id='word_1_40' title='bbox 437 854 586 912; x_wconf 72' lang='lat' dir='ltr'><strong>nostrates</strong></span> <span class='ocrx_word' id='word_1_41' title='bbox 611 865 717 929; x_wconf 89' lang='lat' dir='ltr'><strong>reapse</strong></span> <span class='ocrx_word' id='word_1_42' title='bbox 744 865 859 922; x_wconf 81' lang='lat' dir='ltr'><strong>ornnes.</strong></span> <span class='ocrx_word' id='word_1_43' title='bbox 892 846 1013 912; x_wconf 84' lang='lat' dir='ltr'><strong>nomine</strong></span> <span class='ocrx_word' id='word_1_44' title='bbox 1033 847 1197 930; x_wconf 78' lang='lat' dir='ltr'><strong>permcdtor</strong></span> <span class='ocrx_word' id='word_1_45' title='bbox 1218 849 1438 914; x_wconf 83' lang='lat' dir='ltr'><strong>eonsentientes</strong></span> 
     </span>
     <span class='ocr_line' id='line_1_6' title="bbox 161 945 1440 1030; baseline -0.001 -13"><span class='ocrx_word' id='word_1_46' title='bbox 161 948 298 1024; x_wconf 69' lang='lat' dir='ltr'><strong>nomm,</strong></span> <span class='ocrx_word' id='word_1_47' title='bbox 326 947 460 1030; x_wconf 74' lang='lat' dir='ltr'><strong>adeoque</strong></span> <span class='ocrx_word' id='word_1_48' title='bbox 486 967 552 1012; x_wconf 90' lang='lat' dir='ltr'><strong>eam</strong></span> <span class='ocrx_word' id='word_1_49' title='bbox 580 967 647 1012; x_wconf 90' lang='lat' dir='ltr'><strong>curu</strong></span> <span class='ocrx_word' id='word_1_50' title='bbox 676 949 802 1016; x_wconf 75' lang='lat' dir='ltr'><strong>disemo</strong></span> <span class='ocrx_word' id='word_1_51' title='bbox 822 945 1028 1015; x_wconf 75' lang='lat' dir='ltr'><strong>contundunt?</strong></span> <span class='ocrx_word' id='word_1_52' title='bbox 1070 948 1151 1013; x_wconf 85' lang='lat' dir='ltr'><strong>llaec</strong></span> <span class='ocrx_word' id='word_1_53' title='bbox 1171 949 1260 1026; x_wconf 84' lang='lat' dir='ltr'><strong>enim,</strong></span> <span class='ocrx_word' id='word_1_54' title='bbox 1289 951 1314 1014; x_wconf 88' lang='lat' dir='ltr'><strong>si</strong></span> <span class='ocrx_word' id='word_1_55' title='bbox 1334 951 1440 1016; x_wconf 78' lang='lat' dir='ltr'><strong>hristi-</strong></span> 
     </span>
     <span class='ocr_line' id='line_1_7' title="bbox 160 1043 1439 1135; baseline 0.003 -21"><span class='ocrx_word' id='word_1_56' title='bbox 160 1051 232 1114; x_wconf 86' lang='lat' dir='ltr'><strong>dem</strong></span> <span class='ocrx_word' id='word_1_57' title='bbox 254 1049 455 1131; x_wconf 72' lang='lat' dir='ltr'><strong>sequimum</strong></span> <span class='ocrx_word' id='word_1_58' title='bbox 477 1067 599 1114; x_wconf 81' lang='lat' dir='ltr'><strong>caesum</strong></span> <span class='ocrx_word' id='word_1_59' title='bbox 620 1049 661 1114; x_wconf 79' lang='lat' dir='ltr'><strong>ito</strong></span> <span class='ocrx_word' id='word_1_60' title='bbox 682 1049 789 1126; x_wconf 80' lang='lat' dir='ltr'><strong>dillut,</strong></span> <span class='ocrx_word' id='word_1_61' title='bbox 811 1059 845 1117; x_wconf 82' lang='lat' dir='ltr'><strong>ut</strong></span> <span class='ocrx_word' id='word_1_62' title='bbox 865 1067 982 1117; x_wconf 73' lang='lat' dir='ltr'><strong>remum</strong></span> <span class='ocrx_word' id='word_1_63' title='bbox 1003 1050 1036 1112; x_wconf 81' lang='lat' dir='ltr'><strong>is</strong></span> <span class='ocrx_word' id='word_1_64' title='bbox 1055 1051 1138 1135; x_wconf 78' lang='grc' dir='ltr'><strong><em>μέρη</em></strong></span> <span class='ocrx_word' id='word_1_65' title='bbox 1156 1043 1259 1131; x_wconf 77' lang='grc' dir='ltr'><strong><em>ὅμοια</em></strong></span> <span class='ocrx_word' id='word_1_66' title='bbox 1274 1052 1439 1118; x_wconf 71' lang='lat' dir='ltr'><strong>murelum</strong></span> 
     </span>
     <span class='ocr_line' id='line_1_8' title="bbox 162 1140 1439 1236; baseline 0 -18"><span class='ocrx_word' id='word_1_67' title='bbox 162 1151 343 1233; x_wconf 71' lang='lat' dir='ltr'><strong>rhptlunum,</strong></span> <span class='ocrx_word' id='word_1_68' title='bbox 371 1169 434 1214; x_wconf 89' lang='lat' dir='ltr'><strong>uon</strong></span> <span class='ocrx_word' id='word_1_69' title='bbox 460 1150 492 1214; x_wconf 91' lang='lat' dir='ltr'><strong>in</strong></span> <span class='ocrx_word' id='word_1_70' title='bbox 512 1153 594 1236; x_wconf 86' lang='grc' dir='ltr'><strong><em>μέρη</em></strong></span> <span class='ocrx_word' id='word_1_71' title='bbox 616 1140 760 1232; x_wconf 83' lang='grc' dir='ltr'><strong><em>δνόμοια</em></strong></span> <span class='ocrx_word' id='word_1_72' title='bbox 780 1161 883 1216; x_wconf 76' lang='lat' dir='ltr'><strong>coena</strong></span> <span class='ocrx_word' id='word_1_73' title='bbox 904 1150 1074 1232; x_wconf 73' lang='lat' dir='ltr'><strong>rhythmum</strong></span> <span class='ocrx_word' id='word_1_74' title='bbox 1096 1151 1224 1218; x_wconf 75' lang='lat' dir='ltr'><strong>dirinet.</strong></span> <span class='ocrx_word' id='word_1_75' title='bbox 1268 1153 1371 1235; x_wconf 88' lang='lat' dir='ltr'><strong>ltaque</strong></span> <span class='ocrx_word' id='word_1_76' title='bbox 1390 1155 1439 1218; x_wconf 88' lang='lat' dir='ltr'><strong>in·</strong></span> 
     </span>
     <span class='ocr_line' id='line_1_9' title="bbox 161 1252 1438 1334; baseline 0.002 -16"><span class='ocrx_word' id='word_1_77' title='bbox 161 1253 308 1318; x_wconf 81' lang='lat' dir='ltr'><strong>cisioneru</strong></span> <span class='ocrx_word' id='word_1_78' title='bbox 338 1252 514 1334; x_wconf 79' lang='lat' dir='ltr'><strong>saepissime</strong></span> <span class='ocrx_word' id='word_1_79' title='bbox 543 1260 612 1333; x_wconf 86' lang='lat' dir='ltr'><strong>post</strong></span> <span class='ocrx_word' id='word_1_80' title='bbox 643 1261 780 1332; x_wconf 87' lang='lat' dir='ltr'><strong>quartum</strong></span> <span class='ocrx_word' id='word_1_81' title='bbox 809 1253 916 1333; x_wconf 83' lang='lat' dir='ltr'><strong>pedere</strong></span> <span class='ocrx_word' id='word_1_82' title='bbox 943 1253 1061 1329; x_wconf 80' lang='lat' dir='ltr'><strong>factum,</strong></span> <span class='ocrx_word' id='word_1_83' title='bbox 1093 1271 1160 1318; x_wconf 85' lang='lat' dir='ltr'><strong>esse</strong></span> <span class='ocrx_word' id='word_1_84' title='bbox 1188 1253 1345 1331; x_wconf 76' lang='lat' dir='ltr'>diaeresin,</span> <span class='ocrx_word' id='word_1_85' title='bbox 1376 1273 1438 1320; x_wconf 89' lang='lat' dir='ltr'><strong>nou</strong></span> 
     </span>
     <span class='ocr_line' id='line_1_10' title="bbox 161 1354 1438 1436; baseline 0 -16"><span class='ocrx_word' id='word_1_86' title='bbox 161 1373 326 1420; x_wconf 80' lang='grc' dir='ltr'><strong><em>οιιειιοοι.</em></strong></span> <span class='ocrx_word' id='word_1_87' title='bbox 369 1354 434 1420; x_wconf 84' lang='grc' dir='ltr'><strong>Ηοο</strong></span> <span class='ocrx_word' id='word_1_88' title='bbox 460 1363 559 1419; x_wconf 84' lang='lat' dir='ltr'><strong>sutem</strong></span> <span class='ocrx_word' id='word_1_89' title='bbox 586 1371 655 1418; x_wconf 89' lang='lat' dir='ltr'><strong>cum</strong></span> <span class='ocrx_word' id='word_1_90' title='bbox 682 1354 804 1420; x_wconf 87' lang='lat' dir='ltr'><strong>unicum</strong></span> <span class='ocrx_word' id='word_1_91' title='bbox 830 1355 869 1420; x_wconf 87' lang='lat' dir='ltr'><strong>ait</strong></span> <span class='ocrx_word' id='word_1_92' title='bbox 895 1355 1036 1422; x_wconf 69' lang='lat' dir='ltr'><strong>disemis</strong></span> <span class='ocrx_word' id='word_1_93' title='bbox 1064 1355 1231 1436; x_wconf 64' lang='lat' dir='ltr'><strong>exendum</strong></span> <span class='ocrx_word' id='word_1_94' title='bbox 1252 1355 1290 1420; x_wconf 90' lang='lat' dir='ltr'><strong>ah</strong></span> <span class='ocrx_word' id='word_1_95' title='bbox 1310 1356 1438 1420; x_wconf 70' lang='lat' dir='ltr'><strong>Aristide</strong></span> 
     </span>
     <span class='ocr_line' id='line_1_11' title="bbox 163 1454 1439 1542; baseline 0.001 -20"><span class='ocrx_word' id='word_1_96' title='bbox 163 1465 435 1530; x_wconf 63' lang='lat' dir='ltr'><strong>commemoramus,</strong></span> <span class='ocrx_word' id='word_1_97' title='bbox 458 1454 580 1518; x_wconf 85' lang='lat' dir='ltr'><strong>dubium</strong></span> <span class='ocrx_word' id='word_1_98' title='bbox 603 1463 657 1530; x_wconf 85' lang='lat' dir='ltr'><strong>est,</strong></span> <span class='ocrx_word' id='word_1_99' title='bbox 680 1473 751 1518; x_wconf 84' lang='lat' dir='ltr'><strong>unm</strong></span> <span class='ocrx_word' id='word_1_100' title='bbox 773 1457 896 1520; x_wconf 89' lang='lat' dir='ltr'><strong>omniuo</strong></span> <span class='ocrx_word' id='word_1_101' title='bbox 918 1457 1059 1520; x_wconf 76' lang='lat' dir='ltr'><strong>diaeresis</strong></span> <span class='ocrx_word' id='word_1_102' title='bbox 1073 1457 1172 1522; x_wconf 87' lang='lat' dir='ltr'><strong>lacurn</strong></span> <span class='ocrx_word' id='word_1_103' title='bbox 1182 1457 1299 1533; x_wconf 83' lang='lat' dir='ltr'><strong>haheat,</strong></span> <span class='ocrx_word' id='word_1_104' title='bbox 1322 1459 1439 1542; x_wconf 73' lang='lat' dir='ltr'><strong>quoties</strong></span> 
     </span>
     <span class='ocr_line' id='line_1_12' title="bbox 164 1557 1439 1640; baseline -0.001 -16"><span class='ocrx_word' id='word_1_105' title='bbox 164 1559 285 1624; x_wconf 84' lang='lat' dir='ltr'><strong>ordinas</strong></span> <span class='ocrx_word' id='word_1_106' title='bbox 310 1557 468 1640; x_wconf 73' lang='lat' dir='ltr'><strong>rhythmici</strong></span> <span class='ocrx_word' id='word_1_107' title='bbox 489 1557 664 1620; x_wconf 75' lang='lat' dir='ltr'><strong>claudentur</strong></span> <span class='ocrx_word' id='word_1_108' title='bbox 682 1575 743 1618; x_wconf 88' lang='lat' dir='ltr'><strong>una</strong></span> <span class='ocrx_word' id='word_1_109' title='bbox 764 1574 832 1620; x_wconf 90' lang='lat' dir='ltr'><strong>cum</strong></span> <span class='ocrx_word' id='word_1_110' title='bbox 853 1557 1007 1622; x_wconf 78' lang='lat' dir='ltr'><strong>ordinibus</strong></span> <span class='ocrx_word' id='word_1_111' title='bbox 1028 1558 1167 1634; x_wconf 84' lang='lat' dir='ltr'><strong>metricis,</strong></span> <span class='ocrx_word' id='word_1_112' title='bbox 1195 1559 1226 1622; x_wconf 93' lang='lat' dir='ltr'><strong>h.</strong></span> <span class='ocrx_word' id='word_1_113' title='bbox 1249 1578 1276 1622; x_wconf 92' lang='lat' dir='ltr'><strong>e.</strong></span> <span class='ocrx_word' id='word_1_114' title='bbox 1297 1558 1439 1624; x_wconf 80' lang='lat' dir='ltr'><strong>vocahuln</strong></span> 
     </span>
     <span class='ocr_line' id='line_1_13' title="bbox 165 1657 1438 1740; baseline -0.002 -14"><span class='ocrx_word' id='word_1_115' title='bbox 165 1679 226 1726; x_wconf 79' lang='lat' dir='ltr'><strong>nea</strong></span> <span class='ocrx_word' id='word_1_116' title='bbox 247 1677 313 1726; x_wconf 80' lang='lat' dir='ltr'><strong>cunr</strong></span> <span class='ocrx_word' id='word_1_117' title='bbox 333 1657 470 1740; x_wconf 74' lang='lat' dir='ltr'><strong>pedona,</strong></span> <span class='ocrx_word' id='word_1_118' title='bbox 493 1667 592 1722; x_wconf 84' lang='lat' dir='ltr'><strong>uuum</strong></span> <span class='ocrx_word' id='word_1_119' title='bbox 613 1657 717 1722; x_wconf 86' lang='lat' dir='ltr'><strong>incisio</strong></span> <span class='ocrx_word' id='word_1_120' title='bbox 739 1666 808 1738; x_wconf 88' lang='lat' dir='ltr'><strong>post</strong></span> <span class='ocrx_word' id='word_1_121' title='bbox 827 1658 946 1723; x_wconf 74' lang='lat' dir='ltr'><strong>ternum</strong></span> <span class='ocrx_word' id='word_1_122' title='bbox 968 1658 1113 1739; x_wconf 76' lang='lat' dir='ltr'><strong>dactylum</strong></span> <span class='ocrx_word' id='word_1_123' title='bbox 1136 1661 1211 1724; x_wconf 80' lang='lat' dir='ltr'><strong>locta</strong></span> <span class='ocrx_word' id='word_1_124' title='bbox 1234 1660 1375 1726; x_wconf 87' lang='lat' dir='ltr'><strong>diaeresis</strong></span> <span class='ocrx_word' id='word_1_125' title='bbox 1389 1661 1438 1740; x_wconf 79' lang='lat' dir='ltr'><strong>sit,</strong></span> 
     </span>
     <span class='ocr_line' id='line_1_14' title="bbox 161 1758 1441 1844; baseline 0 -20"><span class='ocrx_word' id='word_1_126' title='bbox 161 1779 270 1824; x_wconf 84' lang='lat' dir='ltr'><strong>necne.</strong></span> <span class='ocrx_word' id='word_1_127' title='bbox 314 1761 452 1824; x_wconf 65' lang='lat' dir='ltr'><strong>&amp;tenum</strong></span> <span class='ocrx_word' id='word_1_128' title='bbox 478 1758 522 1822; x_wconf 90' lang='lat' dir='ltr'><strong>illi</strong></span> <span class='ocrx_word' id='word_1_129' title='bbox 551 1759 677 1822; x_wconf 87' lang='lat' dir='ltr'><strong>diaeresi</strong></span> <span class='ocrx_word' id='word_1_130' title='bbox 703 1767 773 1840; x_wconf 78' lang='lat' dir='ltr'><strong>post</strong></span> <span class='ocrx_word' id='word_1_131' title='bbox 793 1767 932 1838; x_wconf 80' lang='lat' dir='ltr'><strong>quarnun</strong></span> <span class='ocrx_word' id='word_1_132' title='bbox 953 1759 1099 1840; x_wconf 77' lang='lat' dir='ltr'><strong>dactylum</strong></span> <span class='ocrx_word' id='word_1_133' title='bbox 1121 1779 1139 1824; x_wconf 93' lang='lat' dir='ltr'><strong>a</strong></span> <span class='ocrx_word' id='word_1_134' title='bbox 1159 1761 1290 1826; x_wconf 88' lang='lat' dir='ltr'><strong>metricis</strong></span> <span class='ocrx_word' id='word_1_135' title='bbox 1310 1770 1441 1844; x_wconf 85' lang='lat' dir='ltr'><strong>tetrapo-</strong></span> 
     </span>
     <span class='ocr_line' id='line_1_15' title="bbox 162 1859 1457 1944; baseline -0.002 -15"><span class='ocrx_word' id='word_1_136' title='bbox 162 1863 229 1929; x_wconf 81' lang='lat' dir='ltr'><strong>rlise</strong></span> <span class='ocrx_word' id='word_1_137' title='bbox 254 1859 406 1926; x_wconf 81' lang='lat' dir='ltr'><strong>huoolieea</strong></span> <span class='ocrx_word' id='word_1_138' title='bbox 433 1877 543 1924; x_wconf 88' lang='lat' dir='ltr'><strong>nornen</strong></span> <span class='ocrx_word' id='word_1_139' title='bbox 564 1860 735 1940; x_wconf 84' lang='lat' dir='ltr'><strong>impositum</strong></span> <span class='ocrx_word' id='word_1_140' title='bbox 756 1877 823 1924; x_wconf 85' lang='lat' dir='ltr'><strong>esse</strong></span> <span class='ocrx_word' id='word_1_141' title='bbox 845 1867 969 1936; x_wconf 83' lang='lat' dir='ltr'><strong>constat,</strong></span> <span class='ocrx_word' id='word_1_142' title='bbox 998 1861 1066 1941; x_wconf 88' lang='lat' dir='ltr'><strong>quia</strong></span> <span class='ocrx_word' id='word_1_143' title='bbox 1087 1861 1120 1924; x_wconf 90' lang='lat' dir='ltr'><strong>in</strong></span> <span class='ocrx_word' id='word_1_144' title='bbox 1142 1879 1321 1944; x_wconf 81' lang='lat' dir='ltr'><strong>mroquoque</strong></span> <span class='ocrx_word' id='word_1_145' title='bbox 1343 1881 1457 1944; x_wconf 88' lang='lat' dir='ltr'><strong>paena·</strong></span> 
     </span>
     <span class='ocr_line' id='line_1_16' title="bbox 162 1961 1438 2044; baseline -0.002 -14"><span class='ocrx_word' id='word_1_146' title='bbox 162 1963 311 2030; x_wconf 75' lang='lat' dir='ltr'><strong>Theocriti</strong></span> <span class='ocrx_word' id='word_1_147' title='bbox 331 1971 363 2028; x_wconf 87' lang='lat' dir='ltr'><strong>ot</strong></span> <span class='ocrx_word' id='word_1_148' title='bbox 382 1961 583 2026; x_wconf 81' lang='lat' dir='ltr'><strong>bucolicorum</strong></span> <span class='ocrx_word' id='word_1_149' title='bbox 604 1979 691 2024; x_wconf 85' lang='lat' dir='ltr'><strong>versu</strong></span> <span class='ocrx_word' id='word_1_150' title='bbox 710 1961 869 2028; x_wconf 81' lang='lat' dir='ltr'><strong>invenitur.</strong></span> <span class='ocrx_word' id='word_1_151' title='bbox 914 1961 957 2026; x_wconf 73' lang='grc' dir='ltr'><strong>δέ.</strong></span> <span class='ocrx_word' id='word_1_152' title='bbox 979 1961 1075 2026; x_wconf 87' lang='lat' dir='ltr'><strong>Dium.</strong></span> <span class='ocrx_word' id='word_1_153' title='bbox 1097 1979 1128 2044; x_wconf 87' lang='lat' dir='ltr'><strong>p.</strong></span> <span class='ocrx_word' id='word_1_154' title='bbox 1144 1965 1220 2028; x_wconf 84' lang='grc'><strong>496.</strong></span> <span class='ocrx_word' id='word_1_155' title='bbox 1256 1963 1323 2028; x_wconf 80' lang='lat' dir='ltr'><strong>&#39;len</strong></span> <span class='ocrx_word' id='word_1_156' title='bbox 1344 1963 1438 2028; x_wconf 84' lang='lat' dir='ltr'><strong>llour.</strong></span> 
     </span>
     <span class='ocr_line' id='line_1_17' title="bbox 162 2062 1438 2147; baseline -0.003 -15"><span class='ocrx_word' id='word_1_157' title='bbox 162 2087 193 2147; x_wconf 79' lang='lat' dir='ltr'><strong>p.</strong></span> <span class='ocrx_word' id='word_1_158' title='bbox 208 2067 304 2132; x_wconf 76' lang='lat'>24³0.</span> <span class='ocrx_word' id='word_1_159' title='bbox 340 2064 439 2145; x_wconf 86' lang='lat' dir='ltr'><strong>latpp.</strong></span> <span class='ocrx_word' id='word_1_160' title='bbox 461 2063 584 2126; x_wconf 82' lang='lat' dir='ltr'><strong>Theoer.</strong></span> <span class='ocrx_word' id='word_1_161' title='bbox 614 2062 723 2124; x_wconf 85' lang='lat' dir='ltr'><strong>laudati</strong></span> <span class='ocrx_word' id='word_1_162' title='bbox 750 2079 771 2124; x_wconf 81' lang='lat' dir='ltr'><strong>n</strong></span> <span class='ocrx_word' id='word_1_163' title='bbox 795 2062 960 2128; x_wconf 81' lang='lat' dir='ltr'><strong>Guislordio</strong></span> <span class='ocrx_word' id='word_1_164' title='bbox 988 2064 1019 2126; x_wconf 93' lang='lat' dir='ltr'><strong>in</strong></span> <span class='ocrx_word' id='word_1_165' title='bbox 1048 2063 1207 2144; x_wconf 82' lang='lat' dir='ltr'><strong>Hephaesl</strong></span> <span class='ocrx_word' id='word_1_166' title='bbox 1234 2083 1266 2146; x_wconf 90' lang='lat' dir='ltr'><strong>p.</strong></span> <span class='ocrx_word' id='word_1_167' title='bbox 1286 2068 1359 2130; x_wconf 77' lang='lat'><strong>294.</strong></span> <span class='ocrx_word' id='word_1_168' title='bbox 1402 2066 1438 2128; x_wconf 93' lang='lat' dir='ltr'><strong>ln</strong></span> 
     </span>
     <span class='ocr_line' id='line_1_18' title="bbox 162 2163 1439 2244; baseline -0.002 -12"><span class='ocrx_word' id='word_1_169' title='bbox 162 2166 335 2233; x_wconf 79' lang='lat' dir='ltr'><strong>univercum</strong></span> <span class='ocrx_word' id='word_1_170' title='bbox 355 2183 424 2228; x_wconf 90' lang='lat' dir='ltr'><strong>raro</strong></span> <span class='ocrx_word' id='word_1_171' title='bbox 445 2163 578 2228; x_wconf 86' lang='lat' dir='ltr'><strong>illicitum</strong></span> <span class='ocrx_word' id='word_1_172' title='bbox 601 2163 753 2228; x_wconf 88' lang='lat' dir='ltr'><strong>videbatur</strong></span> <span class='ocrx_word' id='word_1_173' title='bbox 773 2163 921 2228; x_wconf 79' lang='lat' dir='ltr'><strong>veteribus</strong></span> <span class='ocrx_word' id='word_1_174' title='bbox 940 2164 1148 2244; x_wconf 64' lang='lat' dir='ltr'><strong>pammaticis,</strong></span> <span class='ocrx_word' id='word_1_175' title='bbox 1170 2164 1236 2230; x_wconf 87' lang='lat' dir='ltr'><strong>sine</strong></span> <span class='ocrx_word' id='word_1_176' title='bbox 1251 2165 1340 2230; x_wconf 86' lang='lat' dir='ltr'><strong>duhio</strong></span> <span class='ocrx_word' id='word_1_177' title='bbox 1354 2166 1439 2230; x_wconf 79' lang='lat' dir='ltr'><strong>Alex·</strong></span> 
     </span>
     <span class='ocr_line' id='line_1_19' title="bbox 86 2249 1440 2348; baseline -0.001 -14"><span class='ocrx_word' id='word_1_178' title='bbox 86 2249 97 2264; x_wconf 72' lang='grc'><strong>’</strong></span> <span class='ocrx_word' id='word_1_179' title='bbox 163 2267 314 2343; x_wconf 70' lang='lat' dir='ltr'><strong>morinis,</strong></span> <span class='ocrx_word' id='word_1_180' title='bbox 342 2285 412 2330; x_wconf 77' lang='lat' dir='ltr'><strong>nero</strong></span> <span class='ocrx_word' id='word_1_181' title='bbox 440 2262 474 2330; x_wconf 88' lang='lat' dir='ltr'><strong>ol</strong></span> <span class='ocrx_word' id='word_1_182' title='bbox 500 2263 642 2330; x_wconf 83' lang='grc' dir='ltr'><strong><em>παλαιοὶ</em></strong></span> <span class='ocrx_word' id='word_1_183' title='bbox 671 2265 834 2345; x_wconf 78' lang='grc' dir='ltr'><strong><em>οΙΙεροοιιιο</em></strong></span> <span class='ocrx_word' id='word_1_184' title='bbox 859 2265 897 2328; x_wconf 86' lang='lat' dir='ltr'><strong>oh</strong></span> <span class='ocrx_word' id='word_1_185' title='bbox 925 2265 1095 2342; x_wconf 70' lang='lat' dir='ltr'><strong>Eustochio,</strong></span> <span class='ocrx_word' id='word_1_186' title='bbox 1122 2265 1229 2348; x_wconf 83' lang='lat' dir='ltr'><strong>pedem</strong></span> <span class='ocrx_word' id='word_1_187' title='bbox 1255 2266 1353 2332; x_wconf 80' lang='lat' dir='ltr'><strong>doudi</strong></span> <span class='ocrx_word' id='word_1_188' title='bbox 1378 2285 1440 2332; x_wconf 87' lang='lat' dir='ltr'><strong>nna</strong></span> 
     </span>
     <span class='ocr_line' id='line_1_20' title="bbox 163 2365 1437 2446; baseline -0.002 -9"><span class='ocrx_word' id='word_1_189' title='bbox 163 2386 232 2438; x_wconf 75' lang='lat' dir='ltr'><strong>enm</strong></span> <span class='ocrx_word' id='word_1_190' title='bbox 259 2367 409 2433; x_wconf 78' lang='lat' dir='ltr'><strong>rocahuln.</strong></span> <span class='ocrx_word' id='word_1_191' title='bbox 455 2367 497 2430; x_wconf 79' lang='lat' dir='ltr'><strong>el.</strong></span> <span class='ocrx_word' id='word_1_192' title='bbox 519 2367 603 2430; x_wconf 82' lang='lat' dir='ltr'><strong>Euat</strong></span> <span class='ocrx_word' id='word_1_193' title='bbox 625 2366 657 2428; x_wconf 93' lang='lat' dir='ltr'><strong>in</strong></span> <span class='ocrx_word' id='word_1_194' title='bbox 678 2366 711 2428; x_wconf 92' lang='lat' dir='ltr'><strong>ll.</strong></span> <span class='ocrx_word' id='word_1_195' title='bbox 734 2385 764 2446; x_wconf 88' lang='lat' dir='ltr'><strong>p.</strong></span> <span class='ocrx_word' id='word_1_196' title='bbox 782 2371 843 2432; x_wconf 80' lang='lat'><strong>740</strong></span> <span class='ocrx_word' id='word_1_197' title='bbox 865 2367 906 2430; x_wconf 89' lang='lat' dir='ltr'><strong>in.</strong></span> <span class='ocrx_word' id='word_1_198' title='bbox 930 2395 972 2420; x_wconf 91' lang='lat'><strong>··</strong></span> <span class='ocrx_word' id='word_1_199' title='bbox 993 2369 1065 2442; x_wconf 83' lang='grc'><strong><em>635,</em></strong></span> <span class='ocrx_word' id='word_1_200' title='bbox 1081 2369 1132 2432; x_wconf 77' lang='lat'><strong>32.</strong></span> <span class='ocrx_word' id='word_1_201' title='bbox 1177 2365 1320 2434; x_wconf 83' lang='lat' dir='ltr'><strong>llicehent</strong></span> <span class='ocrx_word' id='word_1_202' title='bbox 1347 2370 1437 2444; x_wconf 81' lang='lat' dir='ltr'><strong>enim,</strong></span> 
     </span>
     <span class='ocr_line' id='line_1_21' title="bbox 163 2460 1502 2553; baseline -0.003 -15"><span class='ocrx_word' id='word_1_203' title='bbox 163 2464 218 2538; x_wconf 72' lang='grc' dir='ltr'><strong><em>ὅτι</em></strong></span> <span class='ocrx_word' id='word_1_204' title='bbox 242 2467 283 2536; x_wconf 74' lang='grc' dir='ltr'><strong>τὸ</strong></span> <span class='ocrx_word' id='word_1_205' title='bbox 308 2472 429 2553; x_wconf 77' lang='grc' dir='ltr'><strong><em>μέτρον</em></strong></span> <span class='ocrx_word' id='word_1_206' title='bbox 453 2471 563 2552; x_wconf 70' lang='grc' dir='ltr'><strong><em>χαίρει</em></strong></span> <span class='ocrx_word' id='word_1_207' title='bbox 588 2466 648 2549; x_wconf 85' lang='grc' dir='ltr'><strong><em>μὲν</em></strong></span> <span class='ocrx_word' id='word_1_208' title='bbox 676 2465 940 2549; x_wconf 76' lang='grc' dir='ltr'><strong><em>σονδεσμεῖσδαι</em></strong></span> <span class='ocrx_word' id='word_1_209' title='bbox 966 2462 1044 2544; x_wconf 79' lang='grc' dir='ltr'><strong><em>τοὺς</em></strong></span> <span class='ocrx_word' id='word_1_210' title='bbox 1065 2465 1175 2544; x_wconf 80' lang='grc' dir='ltr'><strong><em>πόδας</em></strong></span> <span class='ocrx_word' id='word_1_211' title='bbox 1197 2460 1362 2553; x_wconf 76' lang='grc' dir='ltr'><strong><em>ἀλλήλοις,</em></strong></span> <span class='ocrx_word' id='word_1_212' title='bbox 1392 2462 1438 2548; x_wconf 80' lang='grc' dir='ltr'><strong>ὦς</strong></span> <span class='ocrx_word' id='word_1_213' title='bbox 1497 2485 1502 2493; x_wconf 80' lang='grc'><em>·</em></span> 
     </span>
     <span class='ocr_line' id='line_1_22' title="bbox 161 2561 1211 2656; baseline -0.006 -16"><span class='ocrx_word' id='word_1_214' title='bbox 161 2570 248 2640; x_wconf 72' lang='lat' dir='ltr'><strong>mci</strong></span> <span class='ocrx_word' id='word_1_215' title='bbox 267 2570 370 2656; x_wconf 69' lang='lat' dir='ltr'><strong>reptile</strong></span> <span class='ocrx_word' id='word_1_216' title='bbox 392 2570 423 2644; x_wconf 84' lang='lat' dir='ltr'><strong>(l.</strong></span> <span class='ocrx_word' id='word_1_217' title='bbox 445 2567 581 2653; x_wconf 81' lang='grc' dir='ltr'><strong><em>μηδένα)</em></strong></span> <span class='ocrx_word' id='word_1_218' title='bbox 604 2566 652 2646; x_wconf 81' lang='grc' dir='ltr'><strong>εἰς</strong></span> <span class='ocrx_word' id='word_1_219' title='bbox 672 2572 772 2652; x_wconf 81' lang='grc' dir='ltr'><strong><em>μέρος</em></strong></span> <span class='ocrx_word' id='word_1_220' title='bbox 793 2561 987 2652; x_wconf 76' lang='grc' dir='ltr'><strong><em>ἀπαρτίζειν</em></strong></span> <span class='ocrx_word' id='word_1_221' title='bbox 1009 2564 1116 2654; x_wconf 81' lang='grc' dir='ltr'><strong><em>λόγον,</em></strong></span> <span class='ocrx_word' id='word_1_222' title='bbox 1139 2561 1211 2634; x_wconf 81' lang='grc' dir='ltr'><strong><em>οἷον</em></strong></span> 
     </span>
     <span class='ocr_line' id='line_1_23' title="bbox 364 2662 1216 2756; baseline 0.002 -22"><span class='ocrx_word' id='word_1_223' title='bbox 364 2662 504 2734; x_wconf 72' lang='grc' dir='ltr'><strong><em>Ἰλιόθεν</em></strong></span> <span class='ocrx_word' id='word_1_224' title='bbox 523 2691 566 2750; x_wconf 89' lang='grc' dir='ltr'><strong>με</strong></span> <span class='ocrx_word' id='word_1_225' title='bbox 588 2673 698 2756; x_wconf 85' lang='grc' dir='ltr'><strong><em>φέρων</em></strong></span> <span class='ocrx_word' id='word_1_226' title='bbox 721 2663 840 2750; x_wconf 84' lang='grc' dir='ltr'><strong><em>όνεμος</em></strong></span> <span class='ocrx_word' id='word_1_227' title='bbox 860 2667 1038 2736; x_wconf 74' lang='grc' dir='ltr'><strong><em>Κικόνεσσι</em></strong></span> <span class='ocrx_word' id='word_1_228' title='bbox 1059 2670 1216 2738; x_wconf 77' lang='grc' dir='ltr'><strong><em>πέλασσε.</em></strong></span> 
     </span>
    </p>

    <p class='ocr_par' dir='ltr' id='par_1_3' title="bbox 162 2764 1438 2952">
     <span class='ocr_line' id='line_1_24' title="bbox 162 2764 1438 2856; baseline -0.002 -16"><span class='ocrx_word' id='word_1_229' title='bbox 162 2777 260 2854; x_wconf 71' lang='lat' dir='ltr'><strong>Atque</strong></span> <span class='ocrx_word' id='word_1_230' title='bbox 281 2771 378 2852; x_wconf 71' lang='lat' dir='ltr'><strong>pergit</strong></span> <span class='ocrx_word' id='word_1_231' title='bbox 397 2769 584 2834; x_wconf 78' lang='lat' dir='ltr'><strong>Euctethius:</strong></span> <span class='ocrx_word' id='word_1_232' title='bbox 618 2777 833 2852; x_wconf 73' lang='grc' dir='ltr'><strong><em>παραιτεῖται</em></strong></span> <span class='ocrx_word' id='word_1_233' title='bbox 853 2769 890 2836; x_wconf 80' lang='grc' dir='ltr'><strong><em>δὲ</em></strong></span> <span class='ocrx_word' id='word_1_234' title='bbox 912 2764 1026 2854; x_wconf 75' lang='grc' dir='ltr'><strong><em>ὥσπερ</em></strong></span> <span class='ocrx_word' id='word_1_235' title='bbox 1045 2767 1086 2836; x_wconf 84' lang='grc' dir='ltr'><strong><em>εδ</em></strong></span> <span class='ocrx_word' id='word_1_236' title='bbox 1107 2768 1192 2838; x_wconf 81' lang='grc' dir='ltr'><strong><em>κατὰ</em></strong></span> <span class='ocrx_word' id='word_1_237' title='bbox 1212 2767 1304 2838; x_wconf 89' lang='grc' dir='ltr'><strong><em>πόδα</em></strong></span> <span class='ocrx_word' id='word_1_238' title='bbox 1324 2775 1438 2856; x_wconf 76' lang='grc' dir='ltr'><strong><em>τέμνε·</em></strong></span> 
     </span>
     <span class='ocr_line' id='line_1_25' title="bbox 162 2863 357 2952; baseline -0.015 -10"><span class='ocrx_word' id='word_1_239' title='bbox 162 2878 261 2952; x_wconf 67' lang='grc' dir='ltr'><strong><em>σθαι,</em></strong></span> <span class='ocrx_word' id='word_1_240' title='bbox 284 2863 357 2939; x_wconf 73' lang='grc' dir='ltr'><strong><em>οἷον</em></strong></span> 
     </span>
    </p>

    <p class='ocr_par' dir='ltr' id='par_1_4' title="bbox 163 2964 1438 3264">
     <span class='ocr_line' id='line_1_26' title="bbox 325 2964 1264 3060; baseline 0 -22"><span class='ocrx_word' id='word_1_241' title='bbox 325 2966 459 3057; x_wconf 76' lang='grc' dir='ltr'><strong><em>Ὕβριος</em></strong></span> <span class='ocrx_word' id='word_1_242' title='bbox 480 2970 587 3038; x_wconf 80' lang='grc' dir='ltr'><strong><em>εἵνεκα</em></strong></span> <span class='ocrx_word' id='word_1_243' title='bbox 608 2970 716 3056; x_wconf 83' lang='grc' dir='ltr'><strong><em>τῆσδε,</em></strong></span> <span class='ocrx_word' id='word_1_244' title='bbox 740 2969 781 3038; x_wconf 82' lang='grc' dir='ltr'><strong>σὺ</strong></span> <span class='ocrx_word' id='word_1_245' title='bbox 803 2964 834 3036; x_wconf 78' lang='grc' dir='ltr'><strong><em>δ’</em></strong></span> <span class='ocrx_word' id='word_1_246' title='bbox 860 2971 960 3054; x_wconf 72' lang='grc' dir='ltr'><strong><em>ἴσχεο,</em></strong></span> <span class='ocrx_word' id='word_1_247' title='bbox 983 2975 1106 3042; x_wconf 75' lang='grc' dir='ltr'><strong><em>πείθεο</em></strong></span> <span class='ocrx_word' id='word_1_248' title='bbox 1129 2967 1161 3038; x_wconf 82' lang='grc' dir='ltr'><strong><em>δ’</em></strong></span> <span class='ocrx_word' id='word_1_249' title='bbox 1184 2968 1264 3060; x_wconf 73' lang='grc' dir='ltr'><strong><em>ἡμῖν</em></strong></span> 
     </span>
     <span class='ocr_line' id='line_1_27' title="bbox 163 3066 1438 3159; baseline -0.001 -14"><span class='ocrx_word' id='word_1_250' title='bbox 163 3070 250 3146; x_wconf 70' lang='lat' dir='ltr'><strong>hoo</strong></span> <span class='ocrx_word' id='word_1_251' title='bbox 271 3067 348 3142; x_wconf 77' lang='grc' dir='ltr'><strong><em>καθ’</em></strong></span> <span class='ocrx_word' id='word_1_252' title='bbox 374 3072 431 3140; x_wconf 75' lang='grc' dir='ltr'><strong>ένα</strong></span> <span class='ocrx_word' id='word_1_253' title='bbox 452 3071 589 3140; x_wconf 70' lang='grc' dir='ltr'><strong><em>ἕκαστον</em></strong></span> <span class='ocrx_word' id='word_1_254' title='bbox 610 3069 702 3138; x_wconf 85' lang='grc' dir='ltr'><strong><em>πόδα</em></strong></span> <span class='ocrx_word' id='word_1_255' title='bbox 724 3073 777 3140; x_wconf 77' lang='grc' dir='ltr'><strong><em>καὶ</em></strong></span> <span class='ocrx_word' id='word_1_256' title='bbox 798 3077 898 3157; x_wconf 87' lang='grc' dir='ltr'><strong><em>μέρος</em></strong></span> <span class='ocrx_word' id='word_1_257' title='bbox 918 3069 1016 3158; x_wconf 79' lang='grc' dir='ltr'><strong><em>λόγου</em></strong></span> <span class='ocrx_word' id='word_1_258' title='bbox 1032 3066 1258 3159; x_wconf 81' lang='grc' dir='ltr'><strong><em>ἂπαρτέζιιαι,</em></strong></span> <span class='ocrx_word' id='word_1_259' title='bbox 1281 3069 1368 3144; x_wconf 70' lang='grc' dir='ltr'><strong><em>οὕτω</em></strong></span> <span class='ocrx_word' id='word_1_260' title='bbox 1382 3077 1438 3144; x_wconf 80' lang='grc' dir='ltr'><strong><em>καὶ</em></strong></span> 
     </span>
     <span class='ocr_line' id='line_1_28' title="bbox 163 3168 1096 3264; baseline -0.004 -20"><span class='ocrx_word' id='word_1_261' title='bbox 163 3175 224 3264; x_wconf 72' lang='grc' dir='ltr'><strong><em>τὴν</em></strong></span> <span class='ocrx_word' id='word_1_262' title='bbox 246 3175 321 3258; x_wconf 78' lang='grc' dir='ltr'><strong><em>δέκα</em></strong></span> <span class='ocrx_word' id='word_1_263' title='bbox 340 3172 455 3261; x_wconf 75' lang='grc' dir='ltr'><strong><em>νομὴν,</em></strong></span> <span class='ocrx_word' id='word_1_264' title='bbox 478 3170 577 3261; x_wconf 80' lang='grc' dir='ltr'><strong><em>ἤγουν</em></strong></span> <span class='ocrx_word' id='word_1_265' title='bbox 599 3172 656 3260; x_wconf 74' lang='grc' dir='ltr'><strong><em>τὴν</em></strong></span> <span class='ocrx_word' id='word_1_266' title='bbox 680 3173 727 3253; x_wconf 74' lang='grc' dir='ltr'><strong>εἷς</strong></span> <span class='ocrx_word' id='word_1_267' title='bbox 749 3172 807 3240; x_wconf 86' lang='grc' dir='ltr'><strong><em>δύο</em></strong></span> <span class='ocrx_word' id='word_1_268' title='bbox 830 3172 966 3253; x_wconf 73' lang='grc' dir='ltr'><strong><em>ἐννοίας,</em></strong></span> <span class='ocrx_word' id='word_1_269' title='bbox 991 3168 1037 3252; x_wconf 81' lang='grc' dir='ltr'><strong>ὥς</strong></span> <span class='ocrx_word' id='word_1_270' title='bbox 1057 3171 1096 3240; x_wconf 76' lang='grc' dir='ltr'><strong>τὸ</strong></span> 
     </span>
    </p>

    <p class='ocr_par' dir='ltr' id='par_1_5' title="bbox 163 3267 1440 3660">
     <span class='ocr_line' id='line_1_29' title="bbox 339 3267 1263 3362; baseline -0.002 -18"><span class='ocrx_word' id='word_1_271' title='bbox 339 3268 408 3344; x_wconf 68' lang='grc' dir='ltr'><strong><em>ἔνθ’</em></strong></span> <span class='ocrx_word' id='word_1_272' title='bbox 433 3267 500 3342; x_wconf 73' lang='grc' dir='ltr'><strong>οὔτ’</strong></span> <span class='ocrx_word' id='word_1_273' title='bbox 520 3267 697 3358; x_wconf 78' lang='grc' dir='ltr'><strong><em>Ἰδομενεὺς</em></strong></span> <span class='ocrx_word' id='word_1_274' title='bbox 717 3275 776 3362; x_wconf 83' lang='grc' dir='ltr'><strong>τλῆ</strong></span> <span class='ocrx_word' id='word_1_275' title='bbox 798 3279 938 3358; x_wconf 75' lang='grc' dir='ltr'><strong><em>μίμνειν,</em></strong></span> <span class='ocrx_word' id='word_1_276' title='bbox 962 3267 1028 3341; x_wconf 71' lang='lat' dir='ltr'><strong>or’r&#39;r’</strong></span> <span class='ocrx_word' id='word_1_277' title='bbox 1049 3268 1263 3360; x_wconf 70' lang='grc' dir='ltr'><strong><em>Ἀγαμέμνων</em></strong></span> 
     </span>
     <span class='ocr_line' id='line_1_30' title="bbox 163 3374 1440 3466; baseline -0.001 -19"><span class='ocrx_word' id='word_1_278' title='bbox 163 3374 252 3448; x_wconf 80' lang='grc' dir='ltr'><strong><em>ιδπω</em></strong></span> <span class='ocrx_word' id='word_1_279' title='bbox 279 3376 317 3444; x_wconf 78' lang='grc' dir='ltr'><strong><em>δέ</em></strong></span> <span class='ocrx_word' id='word_1_280' title='bbox 342 3378 398 3444; x_wconf 72' lang='grc' dir='ltr'><strong><em>καὶ</em></strong></span> <span class='ocrx_word' id='word_1_281' title='bbox 425 3374 485 3462; x_wconf 72' lang='lat' dir='ltr'><strong>ripa</strong></span> <span class='ocrx_word' id='word_1_282' title='bbox 505 3379 598 3462; x_wconf 80' lang='grc' dir='ltr'><strong><em>τριχῆ</em></strong></span> <span class='ocrx_word' id='word_1_283' title='bbox 620 3378 675 3442; x_wconf 78' lang='grc' dir='ltr'><strong><em>καὶ</em></strong></span> <span class='ocrx_word' id='word_1_284' title='bbox 697 3375 753 3443; x_wconf 73' lang='grc' dir='ltr'><strong>ἐπὶ</strong></span> <span class='ocrx_word' id='word_1_285' title='bbox 776 3376 895 3444; x_wconf 79' lang='grc' dir='ltr'><strong><em>πλεῖον</em></strong></span> <span class='ocrx_word' id='word_1_286' title='bbox 916 3376 1079 3462; x_wconf 74' lang='grc' dir='ltr'><strong><em>διαίρεσιν</em></strong></span> <span class='ocrx_word' id='word_1_287' title='bbox 1099 3375 1249 3464; x_wconf 60' lang='lat' dir='ltr'><strong>dodone&amp;</strong></span> <span class='ocrx_word' id='word_1_288' title='bbox 1268 3376 1330 3464; x_wconf 81' lang='grc' dir='ltr'><strong><em>γάρ</em></strong></span> <span class='ocrx_word' id='word_1_289' title='bbox 1353 3399 1440 3466; x_wconf 86' lang='grc' dir='ltr'><strong><em>φασι</em></strong></span> 
     </span>
     <span class='ocr_line' id='line_1_31' title="bbox 163 3471 1439 3564; baseline -0.002 -16"><span class='ocrx_word' id='word_1_290' title='bbox 163 3481 284 3559; x_wconf 73' lang='grc' dir='ltr'><strong><em>ταῦτα,</em></strong></span> <span class='ocrx_word' id='word_1_291' title='bbox 312 3473 334 3564; x_wconf 85' lang='grc' dir='ltr'><em>ἢ</em></span> <span class='ocrx_word' id='word_1_292' title='bbox 360 3475 498 3563; x_wconf 69' lang='lat' dir='ltr'><strong>patemo</strong></span> <span class='ocrx_word' id='word_1_293' title='bbox 524 3477 591 3543; x_wconf 80' lang='grc' dir='ltr'><strong><em>κτλ.</em></strong></span> <span class='ocrx_word' id='word_1_294' title='bbox 620 3478 671 3542; x_wconf 88' lang='lat' dir='ltr'><strong>uhi</strong></span> <span class='ocrx_word' id='word_1_295' title='bbox 699 3479 803 3542; x_wconf 85' lang='lat' dir='ltr'><strong>saltam</strong></span> <span class='ocrx_word' id='word_1_296' title='bbox 824 3478 880 3559; x_wconf 77' lang='lat' dir='ltr'><strong>legi</strong></span> <span class='ocrx_word' id='word_1_297' title='bbox 902 3479 991 3544; x_wconf 87' lang='lat' dir='ltr'><strong>dehet</strong></span> <span class='ocrx_word' id='word_1_298' title='bbox 1012 3471 1050 3544; x_wconf 81' lang='grc' dir='ltr'><strong><em>οδ</em></strong></span> <span class='ocrx_word' id='word_1_299' title='bbox 1072 3477 1219 3564; x_wconf 82' lang='grc' dir='ltr'><strong><em>μετρικό.</em></strong></span> <span class='ocrx_word' id='word_1_300' title='bbox 1262 3481 1439 3564; x_wconf 77' lang='lat' dir='ltr'><strong>laqueius</strong></span> 
     </span>
     <span class='ocr_line' id='line_1_32' title="bbox 163 3579 1150 3660; baseline -0.006 -10"><span class='ocrx_word' id='word_1_301' title='bbox 163 3593 252 3650; x_wconf 79' lang='lat' dir='ltr'><strong>enter</strong></span> <span class='ocrx_word' id='word_1_302' title='bbox 273 3583 396 3655; x_wconf 81' lang='lat' dir='ltr'><strong>dixerat,</strong></span> <span class='ocrx_word' id='word_1_303' title='bbox 418 3581 510 3644; x_wconf 89' lang='lat' dir='ltr'><strong>luisse</strong></span> <span class='ocrx_word' id='word_1_304' title='bbox 532 3580 676 3660; x_wconf 85' lang='lat' dir='ltr'><strong>quosdam</strong></span> <span class='ocrx_word' id='word_1_305' title='bbox 699 3589 829 3644; x_wconf 81' lang='lat' dir='ltr'><strong>veterum</strong></span> <span class='ocrx_word' id='word_1_306' title='bbox 851 3579 958 3660; x_wconf 89' lang='lat' dir='ltr'><strong>quihus</strong></span> <span class='ocrx_word' id='word_1_307' title='bbox 980 3599 1082 3644; x_wconf 84' lang='lat' dir='ltr'><strong>versus</strong></span> <span class='ocrx_word' id='word_1_308' title='bbox 1141 3621 1150 3634; x_wconf 89' lang='lat'><strong>·</strong></span> 
     </span>
    </p>

    <p class='ocr_par' dir='ltr' id='par_1_6' title="bbox 339 3673 1259 3766">
     <span class='ocr_line' id='line_1_33' title="bbox 339 3673 1259 3766; baseline 0 -18"><span class='ocrx_word' id='word_1_309' title='bbox 339 3673 411 3748; x_wconf 72' lang='grc' dir='ltr'><strong>ἕπε’</strong></span> <span class='ocrx_word' id='word_1_310' title='bbox 436 3673 585 3764; x_wconf 85' lang='grc' dir='ltr'><strong><em>όπόροος</em></strong></span> <span class='ocrx_word' id='word_1_311' title='bbox 604 3679 778 3765; x_wconf 81' lang='grc' dir='ltr'><strong><em>τρίποδας,</em></strong></span> <span class='ocrx_word' id='word_1_312' title='bbox 801 3679 878 3748; x_wconf 88' lang='grc' dir='ltr'><strong><em>δέκα</em></strong></span> <span class='ocrx_word' id='word_1_313' title='bbox 900 3679 937 3747; x_wconf 78' lang='lat' dir='ltr'><strong>dl</strong></span> <span class='ocrx_word' id='word_1_314' title='bbox 955 3689 1092 3766; x_wconf 80' lang='grc' dir='ltr'><strong><em>χρυσοῖο</em></strong></span> <span class='ocrx_word' id='word_1_315' title='bbox 1113 3678 1259 3748; x_wconf 73' lang='grc' dir='ltr'><strong><em>τάλαντα</em></strong></span> 
     </span>
    </p>

    <p class='ocr_par' dir='ltr' id='par_1_7' title="bbox 163 3777 1442 3971">
     <span class='ocr_line' id='line_1_34' title="bbox 341 3777 1223 3874; baseline 0.001 -26"><span class='ocrx_word' id='word_1_316' title='bbox 341 3781 495 3860; x_wconf 70' lang='grc' dir='ltr'><strong><em>οἰέανος</em></strong></span> <span class='ocrx_word' id='word_1_317' title='bbox 516 3780 553 3848; x_wconf 77' lang='grc' dir='ltr'><strong><em>δὲ</em></strong></span> <span class='ocrx_word' id='word_1_318' title='bbox 574 3781 713 3868; x_wconf 74' lang='grc' dir='ltr'><strong><em>δέβητας</em></strong></span> <span class='ocrx_word' id='word_1_319' title='bbox 734 3779 865 3861; x_wconf 74' lang='grc' dir='ltr'><strong><em>ἐείκοσι,</em></strong></span> <span class='ocrx_word' id='word_1_320' title='bbox 889 3779 1018 3874; x_wconf 77' lang='grc' dir='ltr'><strong><em>δώδεκα</em></strong></span> <span class='ocrx_word' id='word_1_321' title='bbox 1037 3777 1069 3850; x_wconf 77' lang='grc' dir='ltr'><strong><em>δ’</em></strong></span> <span class='ocrx_word' id='word_1_322' title='bbox 1093 3781 1223 3861; x_wconf 77' lang='grc' dir='ltr'><strong><em>ἵππους</em></strong></span> 
     </span>
     <span class='ocr_line' id='line_1_35' title="bbox 163 3876 1442 3971; baseline -0.003 -21"><span class='ocrx_word' id='word_1_323' title='bbox 163 3887 263 3950; x_wconf 79' lang='lat' dir='ltr'><strong>minus</strong></span> <span class='ocrx_word' id='word_1_324' title='bbox 291 3886 457 3968; x_wconf 84' lang='lat' dir='ltr'><strong>placuerint</strong></span> <span class='ocrx_word' id='word_1_325' title='bbox 484 3881 542 3951; x_wconf 85' lang='grc' dir='ltr'><strong>διὰ</strong></span> <span class='ocrx_word' id='word_1_326' title='bbox 563 3881 623 3968; x_wconf 79' lang='grc' dir='ltr'><strong><em>τὴν</em></strong></span> <span class='ocrx_word' id='word_1_327' title='bbox 644 3882 692 3962; x_wconf 74' lang='grc' dir='ltr'><strong>εἰς</strong></span> <span class='ocrx_word' id='word_1_328' title='bbox 713 3876 777 3950; x_wconf 83' lang='grc' dir='ltr'><strong><em>ἀνὰ</em></strong></span> <span class='ocrx_word' id='word_1_329' title='bbox 798 3882 857 3950; x_wconf 80' lang='grc' dir='ltr'><strong><em>δύο</em></strong></span> <span class='ocrx_word' id='word_1_330' title='bbox 879 3880 1006 3962; x_wconf 75' lang='grc' dir='ltr'><strong><em>ἐννοίας</em></strong></span> <span class='ocrx_word' id='word_1_331' title='bbox 1027 3883 1140 3971; x_wconf 76' lang='grc' dir='ltr'><strong><em>νομήν.</em></strong></span> <span class='ocrx_word' id='word_1_332' title='bbox 1184 3885 1268 3948; x_wconf 91' lang='lat' dir='ltr'><strong>llitto</strong></span> <span class='ocrx_word' id='word_1_333' title='bbox 1289 3903 1369 3948; x_wconf 91' lang='lat' dir='ltr'><strong>nunc</strong></span> <span class='ocrx_word' id='word_1_334' title='bbox 1390 3901 1442 3946; x_wconf 84' lang='lat' dir='ltr'><strong>uc·</strong></span> 
     </span>
    </p>
   </div>
   <div class='ocr_carea' id='block_1_3' title="bbox 163 3984 1545 4068">
    <p class='ocr_par' dir='ltr' id='par_1_8' title="bbox 163 3984 1545 4068">
     <span class='ocr_line' id='line_1_36' title="bbox 163 3984 1545 4068; baseline -0.003 -18"><span class='ocrx_word' id='word_1_335' title='bbox 163 3989 295 4050; x_wconf 79' lang='grc' dir='ltr'><strong><em>αιειιίοι</em></strong></span> <span class='ocrx_word' id='word_1_336' title='bbox 324 3986 464 4068; x_wconf 85' lang='lat' dir='ltr'><strong>persequi</strong></span> <span class='ocrx_word' id='word_1_337' title='bbox 490 3986 548 4048; x_wconf 90' lang='lat' dir='ltr'><strong>hoc</strong></span> <span class='ocrx_word' id='word_1_338' title='bbox 569 3984 716 4048; x_wconf 79' lang='lat' dir='ltr'><strong>Eustachii</strong></span> <span class='ocrx_word' id='word_1_339' title='bbox 743 3993 952 4060; x_wconf 81' lang='lat' dir='ltr'><strong>commentum,</strong></span> <span class='ocrx_word' id='word_1_340' title='bbox 980 3986 1017 4050; x_wconf 85' lang='lat' dir='ltr'><strong>ad</strong></span> <span class='ocrx_word' id='word_1_341' title='bbox 1046 3987 1126 4068; x_wconf 85' lang='lat' dir='ltr'><strong>quod</strong></span> <span class='ocrx_word' id='word_1_342' title='bbox 1147 3986 1224 4048; x_wconf 77' lang='lat' dir='ltr'><strong>inire</strong></span> <span class='ocrx_word' id='word_1_343' title='bbox 1245 3985 1301 4048; x_wconf 85' lang='lat' dir='ltr'><strong>orit</strong></span> <span class='ocrx_word' id='word_1_344' title='bbox 1323 3985 1440 4048; x_wconf 85' lang='lat' dir='ltr'><strong>occasio</strong></span> <span class='ocrx_word' id='word_1_345' title='bbox 1539 4033 1545 4046; x_wconf 85' lang='lat'>.</span> 
     </span>
    </p>
   </div>
   <div class='ocr_carea' id='block_1_4' title="bbox 163 4085 1446 4660">
    <p class='ocr_par' dir='ltr' id='par_1_9' title="bbox 163 4085 1446 4660">
     <span class='ocr_line' id='line_1_37' title="bbox 165 4085 1442 4170; baseline -0.001 -18"><span class='ocrx_word' id='word_1_346' title='bbox 165 4089 331 4156; x_wconf 77' lang='grc' dir='ltr'><strong><em>ιεεοηεοδί</em></strong></span> <span class='ocrx_word' id='word_1_347' title='bbox 353 4089 385 4152; x_wconf 90' lang='lat' dir='ltr'><strong>iu</strong></span> <span class='ocrx_word' id='word_1_348' title='bbox 405 4085 580 4170; x_wconf 75' lang='lat' dir='ltr'><strong>hlnstrmda</strong></span> <span class='ocrx_word' id='word_1_349' title='bbox 602 4103 705 4150; x_wconf 72' lang='lat' dir='ltr'><strong>remus</strong></span> <span class='ocrx_word' id='word_1_350' title='bbox 726 4085 838 4150; x_wconf 72' lang='lat' dir='ltr'><strong>nuere</strong></span> <span class='ocrx_word' id='word_1_351' title='bbox 858 4085 1106 4166; x_wconf 82' lang='lat' dir='ltr'><strong>interpunctione,</strong></span> <span class='ocrx_word' id='word_1_352' title='bbox 1129 4095 1161 4150; x_wconf 90' lang='lat' dir='ltr'><strong>et</strong></span> <span class='ocrx_word' id='word_1_353' title='bbox 1181 4086 1238 4150; x_wconf 92' lang='lat' dir='ltr'><strong>hoc</strong></span> <span class='ocrx_word' id='word_1_354' title='bbox 1259 4085 1358 4167; x_wconf 86' lang='lat' dir='ltr'><strong>potius</strong></span> <span class='ocrx_word' id='word_1_355' title='bbox 1380 4096 1442 4151; x_wconf 85' lang='lat' dir='ltr'><strong>stu·</strong></span> 
     </span>
     <span class='ocr_line' id='line_1_38' title="bbox 164 4185 1439 4270; baseline 0 -18"><span class='ocrx_word' id='word_1_356' title='bbox 164 4197 227 4264; x_wconf 82' lang='grc' dir='ltr'><strong><em>ιοο,</em></strong></span> <span class='ocrx_word' id='word_1_357' title='bbox 254 4199 334 4256; x_wconf 85' lang='lat' dir='ltr'><strong>certa</strong></span> <span class='ocrx_word' id='word_1_358' title='bbox 361 4207 424 4254; x_wconf 79' lang='lat' dir='ltr'><strong>nou</strong></span> <span class='ocrx_word' id='word_1_359' title='bbox 452 4188 564 4252; x_wconf 88' lang='lat' dir='ltr'><strong>alienos</strong></span> <span class='ocrx_word' id='word_1_360' title='bbox 592 4187 683 4252; x_wconf 83' lang='lat' dir='ltr'><strong>inisse</strong></span> <span class='ocrx_word' id='word_1_361' title='bbox 709 4185 875 4251; x_wconf 87' lang='lat' dir='ltr'><strong>uberrimos</strong></span> <span class='ocrx_word' id='word_1_362' title='bbox 901 4185 967 4250; x_wconf 87' lang='lat' dir='ltr'><strong>illos</strong></span> <span class='ocrx_word' id='word_1_363' title='bbox 994 4187 1198 4270; x_wconf 73' lang='lat' dir='ltr'><strong>hustophcnis</strong></span> <span class='ocrx_word' id='word_1_364' title='bbox 1219 4187 1439 4270; x_wconf 73' lang='lat' dir='ltr'><strong>lustarchiqne</strong></span> 
     </span>
     <span class='ocr_line' id='line_1_39' title="bbox 164 4287 1440 4370; baseline -0.002 -14"><span class='ocrx_word' id='word_1_365' title='bbox 164 4291 393 4356; x_wconf 79' lang='lat' dir='ltr'><strong>commentorios</strong></span> <span class='ocrx_word' id='word_1_366' title='bbox 425 4289 463 4354; x_wconf 87' lang='lat' dir='ltr'><strong>eh</strong></span> <span class='ocrx_word' id='word_1_367' title='bbox 496 4288 644 4354; x_wconf 84' lang='lat' dir='ltr'><strong>eiusmodi</strong></span> <span class='ocrx_word' id='word_1_368' title='bbox 669 4287 931 4365; x_wconf 81' lang='lat' dir='ltr'><strong>obseruationibus,</strong></span> <span class='ocrx_word' id='word_1_369' title='bbox 963 4288 1072 4370; x_wconf 83' lang='lat' dir='ltr'><strong>quihus</strong></span> <span class='ocrx_word' id='word_1_370' title='bbox 1099 4298 1247 4354; x_wconf 82' lang='lat' dir='ltr'><strong>nostrates</strong></span> <span class='ocrx_word' id='word_1_371' title='bbox 1274 4298 1335 4354; x_wconf 84' lang='lat' dir='ltr'><strong>tam</strong></span> <span class='ocrx_word' id='word_1_372' title='bbox 1363 4290 1440 4354; x_wconf 78' lang='lat' dir='ltr'><strong>felici</strong></span> 
     </span>
     <span class='ocr_line' id='line_1_40' title="bbox 164 4389 1444 4472; baseline 0 -18"><span class='ocrx_word' id='word_1_373' title='bbox 164 4409 305 4456; x_wconf 83' lang='grc' dir='ltr'><strong><em>εοοοειιι</em></strong></span> <span class='ocrx_word' id='word_1_374' title='bbox 331 4411 435 4456; x_wconf 63' lang='lat' dir='ltr'><strong>rosus</strong></span> <span class='ocrx_word' id='word_1_375' title='bbox 463 4390 573 4454; x_wconf 88' lang='lat' dir='ltr'><strong>heroici</strong></span> <span class='ocrx_word' id='word_1_376' title='bbox 602 4397 738 4453; x_wconf 86' lang='lat' dir='ltr'><strong>naturam</strong></span> <span class='ocrx_word' id='word_1_377' title='bbox 759 4389 790 4452; x_wconf 89' lang='lat' dir='ltr'><strong>in</strong></span> <span class='ocrx_word' id='word_1_378' title='bbox 812 4399 925 4454; x_wconf 78' lang='lat' dir='ltr'><strong>semela</strong></span> <span class='ocrx_word' id='word_1_379' title='bbox 947 4409 1042 4470; x_wconf 77' lang='lat' dir='ltr'><strong>arsque</strong></span> <span class='ocrx_word' id='word_1_380' title='bbox 1065 4399 1095 4454; x_wconf 89' lang='lat' dir='ltr'><strong>et</strong></span> <span class='ocrx_word' id='word_1_381' title='bbox 1114 4390 1219 4454; x_wconf 83' lang='lat' dir='ltr'><strong>intima</strong></span> <span class='ocrx_word' id='word_1_382' title='bbox 1241 4391 1326 4470; x_wconf 87' lang='lat' dir='ltr'><strong>quasi</strong></span> <span class='ocrx_word' id='word_1_383' title='bbox 1347 4409 1444 4472; x_wconf 92' lang='lat' dir='ltr'><strong>peue-</strong></span> 
     </span>
     <span class='ocr_line' id='line_1_41' title="bbox 163 4491 1446 4574; baseline -0.005 -15"><span class='ocrx_word' id='word_1_384' title='bbox 163 4493 249 4559; x_wconf 77' lang='lat' dir='ltr'><strong>orna</strong></span> <span class='ocrx_word' id='word_1_385' title='bbox 269 4493 497 4568; x_wconf 80' lang='lat' dir='ltr'><strong>illustraverunt,</strong></span> <span class='ocrx_word' id='word_1_386' title='bbox 520 4509 680 4572; x_wconf 87' lang='lat' dir='ltr'><strong>earumque</strong></span> <span class='ocrx_word' id='word_1_387' title='bbox 702 4491 844 4556; x_wconf 76' lang='lat' dir='ltr'><strong>iacturam</strong></span> <span class='ocrx_word' id='word_1_388' title='bbox 865 4511 920 4574; x_wconf 91' lang='lat' dir='ltr'><strong>par</strong></span> <span class='ocrx_word' id='word_1_389' title='bbox 940 4499 1108 4572; x_wconf 84' lang='lat' dir='ltr'><strong>temporum</strong></span> <span class='ocrx_word' id='word_1_390' title='bbox 1123 4491 1308 4572; x_wconf 78' lang='lat' dir='ltr'><strong>iniquuaem</strong></span> <span class='ocrx_word' id='word_1_391' title='bbox 1322 4491 1446 4568; x_wconf 72' lang='grc' dir='ltr'><strong><em>έοοέαιο,</em></strong></span> 
     </span>
     <span class='ocr_line' id='line_1_42' title="bbox 163 4593 660 4660; baseline 0.012 -6"><span class='ocrx_word' id='word_1_392' title='bbox 163 4593 247 4660; x_wconf 78' lang='lat' dir='ltr'><strong>vulda</strong></span> <span class='ocrx_word' id='word_1_393' title='bbox 268 4613 336 4660; x_wconf 85' lang='lat' dir='ltr'><strong>asse</strong></span> <span class='ocrx_word' id='word_1_394' title='bbox 357 4594 523 4660; x_wconf 83' lang='lat' dir='ltr'><strong>dolandam.</strong></span> <span class='ocrx_word' id='word_1_395' title='bbox 656 4623 660 4630; x_wconf 93' lang='lat'>·</span> 
     </span>
    </p>
   </div>
   <div class='ocr_carea' id='block_1_5' title="bbox 0 0 1674 5236">
    <p class='ocr_par' dir='ltr' id='par_1_10' title="bbox 0 0 1674 5236">
     <span class='ocr_line' id='line_1_43' title="bbox 0 0 1674 5236; baseline 0 0"><span class='ocrx_word' id='word_1_396' title='bbox 0 0 1674 5236; x_wconf 95' lang='lat' dir='ltr'><strong> </strong></span> 
     </span>
    </p>
   </div>
  </div>
 </body>
</html>
