3332 5236
818 291 862 358 dil

204 487 310 540 tenore
328 473 446 540 mcitari
467 475 593 558 possint,
624 475 914 560 spiritns'lagantcm
936 475 1078 542 delicians
1099 475 1261 558 paullisper
1281 493 1384 540 recem
1405 477 1485 540 inlli-

175 597 180 604 ·
203 579 275 642 bere
297 586 389 658 cogat.
419 577 485 639 Non
508 596 576 638 vero
599 576 635 638 ab
658 577 795 650 omnibus
817 579 987 640 hominibus
1009 595 1064 658 pro
1079 577 1159 640 vario
1174 577 1349 659 pulmonum
1364 579 1482 655 robore,

204 681 327 743 totidem
348 677 496 741 vocabula·
508 695 569 739 uno
591 686 695 740 tenore
717 679 835 742 recitari
857 699 956 760 posse.
990 680 1093 759 ltaque
1114 697 1203 740 usum
1223 681 1326 765 μέσης
1346 699 1384 742 οι
1405 680 1485 744 mlti-

204 781 261 844 trio
283 779 328 842 rel
349 779 448 862 potius
470 779 639 842 infirmitate
660 781 791 862 pendere
813 781 984 861 legentium,
1004 799 1069 842 -ιιοιι
1091 798 1160 842 vero
1176 800 1193 842 e
1208 775 1324 844 ratione
1337 789 1485 861 gramma·

106 923 110 938 ,
200 883 278 959 tica,
307 879 337 942 id
366 880 446 961 quod
474 880 505 943 in
535 899 634 942 veram
663 877 802 966 στιγμὴν
822 883 909 944 uniee
932 882 1027 944 cadat
1068 873 1289 967 Ὑποστιγμὴν
1308 891 1410 946 aowin
1432 889 1484 946 eas
1593 886 1594 889 ’

203 977 423 1046 enuntiatorum
445 990 545 1064 partes
567 981 707 1058 indicare,
731 1001 806 1064 quae
829 984 865 1046 ad
888 982 1082 1046 claudendam
1104 983 1283 1047 sententiam
1303 983 1385 1046 alias:
1397 1003 1495 1065 prae--

202 1093 284 1147 terea
307 1091 461 1164 expetant:
483 1083 555 1165 poni
578 1091 675 1146 autem
696 1084 775 1146 hane
797 1095 907 1161 nomm,
931 1083 1157 1165 superveniente
1172 1087 1324 1148 enuntiato
1340 1083 1508 1168 eandm

203 1184 263 1248 nali
287 1193 317 1246 et
337 1185 456 1262 relativo
480 1179 526 1260 (ir
547 1191 623 1261 ταῖς
645 1193 863 1263 σνναπτικαῒς
877 1208 913 1250 τε
928 1184 983 1248 καὶ
999 1175 1219 1269 άναφορικαῖς
1231 1186 1299 1250 τῶν
1315 1182 1483 1272 φράσσαι)

203 1305 293 1368 porro
314 1294 392 1368 post,
416 1305 477 1348 non
499 1293 568 1347 ante
589 1287 778 1367 imperativos
800 1287 831 1349 in
853 1287 1023 1362 allectuoso,
1054 1305 1114 1348 non
1137 1287 1169 1348 in
1192 1287 1391 1370 qualicunque
1420 1307 1484 1352 ser·

203 1405 293 1448 mone
316 1382 411 1468 (μετὰ
432 1381 491 1463 τάς
514 1382 548 1450 ἒν
569 1381 650 1472 ἤθει
671 1378 825 1478 ἢιπάθει
846 1382 1020 1472 κιρτικάς),
1043 1387 1136 1450 velut:

375 1484 536 1602 maon·
557 1479 636 1573 μήτ’
662 1483 703 1574 άρ
725 1513 767 1573 με
787 1480 862 1574 μάλ’
887 1486 986 1554 ciues.
1016 1482 1061 1572 μή
1084 1490 1121 1554 τέ
1142 1511 1176 1553 τι
1197 1492 1306 1554 aalma.
1381 1505 1387 1516 ‘

205 1589 341 1652 Cetemm
369 1589 464 1650 vanae
486 1589 733 1671 interpunctionis
755 1610 844 1654 unam
867 1609 933 1652 esse
956 1597 1073 1663 notam,
1101 1597 1245 1670 punctum
1267 1591 1356 1654 modo
1378 1609 1484 1672 supra·

203 1690 260 1751 mis
290 1687 432 1770 (τελεία),
459 1691 547 1752 modo
577 1691 683 1796 mediis
713 1692 829 1776 mero),
857 1691 982 1752 modo
974 1689 1041 1752 rmis
1066 1690 1172 1752 litteris
1198 1683 1411 1777 (ὑποοτιγμὴ)
1431 1712 1484 1776 ap-

202 1790 324 1873 pictum.
928 1841 933 1854 .
990 1819 992 1822 ·

288 1891 349 1953 llas
371 1891 598 1972 interpungendi
621 1891 751 1972 regulas,
784 1891 898 1972 primus
930 1891 1094 1954 immutavit
1121 1892 1250 1956 Nicanor
1271 1892 1338 1968 (l..l
1360 1914 1391 1976 p.
1409 1897 1481 1972 763,

94 2013 96 2016 ·
205 1993 267 2070 to),
292 1993 430 2072 quincto
453 1992 699 2074 interpunctionis
721 2000 807 2054 notas
830 2011 896 2054 esse
919 1993 1028 2068 statuit,
1052 2011 1178 2072 quarum
1200 2003 1315 2074 septem
1336 2015 1404 2058 curn
1428 2015 1483 2058 no-

203 2102 265 2156 stro
293 2101 421 2174 puncto,
450 2103 550 2156 octava
577 2113 646 2156 cum
671 2092 782 2174 virgula
809 2094 1010 2156 conveniebat.
1055 2094 1183 2156 Primam
1211 2097 1323 2160 vocavit
1342 2095 1482 2176 κράνειαν,

204 2213 293 2276 quarn
321 2191 365 2258 ἐν
383 2193 430 2277 τῷ
457 2197 549 2278 μέσῳ
576 2191 672 2279 τόπῳ
711 2194 875 2256 litterarum
902 2196 1035 2276 appinxit
1062 2196 1093 2258 in
1121 2198 1181 2258 line
1209 2199 1368 2274 encausti,
1403 2199 1484 2280 quod

202 2295 370 2377 proximum
390 2315 447 2376 per
468 2295 643 2376 asyntheton
665 2295 836 2376 excipiebat,
859 2297 938 2359 velut

211 2465 218 2476 ,
376 2392 477 2478 μάντι
497 2397 613 2476 κακῶν,
637 2391 678 2461 oe'
698 2393 754 2460 πά
776 2399 862 2460 ποτέ
880 2417 945 2480 μοι
961 2393 1001 2461 τὸ
1022 2394 1159 2482 aperior
1181 2389 1296 2474 εἶπας·

199 2498 372 2560 ,θοοσιιάιιιι
392 2491 599 2576 ὑποτιλιίαν,
624 2517 700 2578 quae
722 2499 857 2560 convenit
878 2517 945 2562 cum
968 2499 1098 2579 Dionysii
1119 2491 1318 2584 άποοτιγμῇ,
1341 2508 1410 2564 ante
1433 2497 1480 2578 dl,

202 2595 274 2684 γάρ,
299 2591 391 2679 deta,
415 2591 519 2684 etiaim
542 2609 572 2661 et
593 2599 709 2674 similia,
730 2599 809 2660 velut

288 2772 292 2782 f
459 2693 577 2786 ἡρόιιν.
609 2693 728 2780 αὐτοὺς
751 2699 786 2766 δὲ
808 2697 931 2786 ἑλώρια
952 2697 1043 2781 enixe
1064 2697 1225 2768 κύνεσσιν.

203 2801 242 2864 Et
263 2802 427 2864 secundum
448 2801 624 2864 Nicanorem
657 2805 778 2884 quidem
799 2797 977 2868 invenietne
998 2803 1126 2864 eundem
1148 2804 1245 2866 locum
1268 2805 1347 2866 iuxta
1360 2804 1482 2869 »timna

203 2901 323 2964 anelat
350 2922 439 2982 quem
466 2902 584 2968 τελεία.
629 2905 801 2984 Apollonius
829 2923 898 2966 vero
926 2919 991 2964 eam
1012 2902 1111 2982 paullo
1133 2904 1210 2966 inira
1231 2903 1398 2968 littemrum
1420 2926 1482 2970 ιιιο-

203 3005 285 3066 dium
306 3004 485 3084 pingendam
508 3023 575 3068 asse
596 3005 745 3068 censebat.
790 3005 887 3068 Tertia
909 3011 979 3067 nota
1001 3000 1116 3089 πρώτη
1142 2999 1210 3069 ἀνω
1232 3006 1407 3084 vocabatur,
1435 3007 1482 3070 lit-

202 3113 339 3167 terarum
356 3104 445 3185 capiti
467 3106 592 3186 oppleta,
614 3116 684 3187 post
703 3097 826 3190 μικῆ,
851 3097 890 3168 οὗ
912 3105 1050 3184 quotiens
1068 3106 1105 3167 ad
1121 3100 1364 3188 ιοσιιιιιιάὲ,
1341 3131 1373 3192 η,
1396 3103 1482 3174 dud

143 3228 150 3238 ’
202 3205 410 3286 respiciebant,
434 3205 512 3268 velut

187 3301 192 3309 ’
610 3305 770 3373 αἴδεσθεν
791 3305 852 3390 μὲν
876 3297 1081 3391 ἀνήνασθαι

204 3411 315 3482 Quarta
343 3403 530 3492 δευτέρα”
507 3431 591 3487 ανιι,
622 3411 716 3470 forma
745 3418 774 3470 et
802 3417 880 3471 statu
907 3405 1063 3494 ιπρώτῃ
1087 3402 1156 3472 άνω
1178 3426 1238 3470 non
1262 3408 1392 3486 diversa,
1420 3410 1479 3474 uisi
1595 3469 1608 3482 ,

205 3512 284 3592 quod
306 3510 434 3573 additam
457 3510 587 3572 hahebat
608 3507 729 3594 διπλῆν
753 3507 887 3587 ἔξωθεν,
912 3518 981 3571 ante
1001 3508 1056 3572 καὶ
1079 3510 1172 3571 velut:

525 3613 581 3674 και
602 3607 645 3694 ῥα
665 3601 806 3692 πάροιθ’
831 3602 946 3674 αὐτοῖο
968 3608 1163 3688 καθέζετο(
1448 3671 1453 3679 .

204 3715 313 3788 Quinta
334 3715 427 3796 τρίτη
449 3707 529 3789 άνω,
555 3727 643 3791 quam
666 3708 768 3796 διπλῆ
792 3707 921 3776 ’ἔσωθεν
943 3711 1130 3792 sequebatur,
1154 3722 1221 3776 ante
1240 3712 1404 3790 τε,ιο1ιιιι

660 3810 787 3876 Κίλλαν
809 3835 845 3876 τε
868 3809 1027 3896 Codice*

205 3917 292 3980 Sexta
319 3908 506 3998 ὕποστιγμὴ
537 3908 768 3998 ἓνοπόκριτος,
794 3914 874 3977 infra
901 3913 1014 3976 litteras
1042 3915 1139 3994 posita
1166 3913 1266 3994 paullo
1287 3915 1325 3976 ad
1347 3916 1481 3978 dextram

203 4035 342 4096 vergens,
369 4015 401 4076 in
422 4015 511 4078 rectis
533 4015 679 4096 periodis,
701 4016 760 4078 hoc
781 4025 827 4078 ost
847 4025 916 4132 post
938 4009 1043 4101 άφρα,
1072 4015 1170 4100 ἦμος,
1195 4009 1265 4092 ὅτι,
1290 4012 1367 4094 ἕως,
1392 4009 1479 4083 ὅπου

204 4117 340 4202 quibus
332 4135 363 4178 ιιι
385 4117 528 4198 proximis
550 4114 669 4203 τόφρα,
692 4116 804 4200 τῆμος,
828 4113 912 4193 τότε,
935 4119 1027 4192 τέως,
1051 4112 1118 4178 ἐκεῖ
1133 4115 1364 4195 respondebant,
1386 4117 1480 4180 velut·

442 4205 580 4302 ἦμος’ά’
604 4209 768 4304 ἠριγένεια
790 4212 877 4302 φάνη
900 4207 1179 4300 ῥοδοδάκτυλος
1161 4212 1237 4299 noia.

201 4319 335 4404 Septima
356 4313 543 4402 ὖποστιγμὴ
568 4310 797 4401 ἀναπόκριτος,
822 4318 858 4378 ad
882 4318 1013 4380 dextram
1035 4335 1096 4378 non
1117 4335 1251 4396 vergens,
1275 4337 1332 4382 usu
1347 4319 1482 4381 veniebat

198 4420 234 4482 in
262 4421 426 4484 minoribns
454 4421 526 4482 colis
553 4419 632 4482 inter
658 4427 754 4480 rectas
782 4419 921 4499 periodos
949 4437 1109 4500 earumque
1137 4421 1335 4502 antapodoses
1363 4417 1479 4500 positis.

131 4601 150 4628 ¹
196 4521 304 4601 ‘ltaque
326 4523 358 4584 in
380 4521 478 4584 iliadis
500 4521 574 4597 loco,
597 4524 634 4600 Γ,
649 4523 705 4587 33:
