3320 5238
687 449 892 470 *-

145 553 246 638 debs
267 553 374 635 odmen
394 551 515 636 alwalo,
547 551 594 635 ώς
612 549 717 622 stud
739 551 931 641 Μεγάρας
947 551 1159 620 emethsa
1179 551 1353 641 δπήῃειλε
1370 554 1427 634 nt.-

145 663 201 728 ιιαὶ
224 659 296 726 ἰδοῦ
320 653 514 744 εὖμεθόδως
535 653 555 722 ὃ
576 654 720 744 ποιητὴς
737 653 886 743 ἐδήλωσε
905 655 966 740 μὲν
985 657 1027 742 τῇ
1045 657 1183 740 γυναιιδ,
1203 651 1252 734 ὥς
1266 655 1300 724 δν
1312 651 1426 742 Ἰθάκῃ

148 761 239 830 ἐστὶν
256 756 449 839 Ὀδυοσιδς,
479 752 538 826 edu
564 756 821 846 έπληροφόρησε
841 757 894 824 δέ.
938 757 1014 822 lllud
1039 775 1164 839 quoqne
1180 760 1424 830 molestissimum
1506 767 1511 784 ’

148 865 277 938 videtur,
307 863 388 944 quod
406 863 601 925 d'elemnobus
629 862 680 924 ubi
702 861 976 940 antea-Penelopae
996 860 1058 922 iter
1074 859 1236 937 eoamvit,
1265 862 1327 922 lere
1349 861 1424 923 nibil

147 957 186 1030 dc
206 965 424 1045 'l‘beoclyneno
450 964 509 1045 ipsi
533 978 659 1045 prorsus
687 961 784 1024 adbuc
811 962 914 1042 ignoto
939 961 1027 1024 matri
1054 962 1199 1043 mpostrit.
1243 961 1321 1035 Quid
1343 962 1426 1024 enim

147 1067 228 1132 aire
244 1066 342 1148 potuit
362 1083 398 1126 ex
419 1064 457 1127 iio
478 1081 557 1145 prae
576 1081 603 1128 v.
615 1067 656 1129 ab
678 1063 872 1134 ‘ree-amas
892 1063 1023 1126 dixerat:

227 1207 230 1214 ’
259 1213 262 1222 ’
300 1183 509 1274 αὖτδιρέγών
532 1182 652 1273 άγορὴν
674 1184 898 1272 ἐσελεύσομαι,
923 1183 1013 1274 ὄφρα
1033 1185 1184 1253 καλέσσω

301 1289 425 1372 ξεῖνον,Ι
442 1285 467 1355 δ’
482 1294 534 1367 τίς
554 1310 614 1374 μοι
635 1291 749 1356 κεῖθεν
771 1283 825 1374 ἅμ’
850 1289 971 1356 ἕσπετο
995 1289 1091 1374 δεῦρο
1112 1288 1226 1356 κιόντι.
1298 1306 1325 1316 ’·
1422 1283 1426 1291 ’

152 1402 163 1412 ”
234 1417 396 1500 Singularis
418 1417 540 1480 omniuo
563 1426 592 1480 et
613 1413 742 1500 permira
763 1417 970 1498 'lbeoclymeni
991 1427 1036 1480 est
1051 1418 1195 1494 condicio,
1218 1411 1291 1482 vatis
1307 1415 1423 1500 abipso

126 1518 129 1537 ¹
151 1521 300 1602 Odysseae
321 1507 494 1600 argumento
516 1519 613 1596 alieni,
637 1518 687 1600 qui
703 1529 804 1600 partes
819 1519 954 1600 transigit
967 1538 1091 1600 prorsus
1107 1519 1282 1603 superfluas.
1306 1519 1425 1582 Etenim

148 1623 245 1706 primo
268 1621 365 1683 statim
387 1641 483 1698 versu,
507 1641 565 1702 quo
587 1617 706 1704 prodiit,
729 1621 846 1682 turbida
867 1621 923 1682 ista
945 1621 981 1682 de
1003 1640 1111 1700 genere
1135 1640 1189 1682 suo
1211 1621 1425 1702 expositiones

151 1723 289 1786 ellendit:
317 1721 458 1784 molestus
481 1732 526 1784 est
547 1741 583 1783 eo
607 1721 637 1782 in
659 1721 741 1802 loco,
772 1742 830 1803 quo
853 1742 920 1783 cum
942 1720 1116 1784 Telemacho
1138 1721 1269 1784 Ithacam
1292 1723 1424 1783 advenit:

150 1823 285 1889 subditiri
308 1834 378 1886 sunt
398 1844 510 1900 versus,
535 1823 641 1906 quibus
663 1823 720 1886 hoc
742 1824 772 1886 in
794 1813 869 1886 libro
893 1831 1148 1900 commemoratur,
1180 1823 1337 1884 maximam
1357 1843 1427 1904 par·

149 1937 209 1990 tem
231 1927 288 1990 iam
312 1944 328 1986 a
350 1925 497 1987 veteribus
519 1925 667 2006 expuncti.
698 1925 793 1987 Etiam
817 1924 898 1988 illum
920 1925 1017 1986 locum
1040 1923 1091 2004 qui
1113 1923 1143 1984 iu
1165 1924 1264 2006 rbaps.
1288 1947 1306 1987 v
1330 1925 1425 1986 diram

151 2029 215 2091 eius
242 2026 478 2089 vaticinationem
506 2026 655 2102 continet,
685 2037 735 2089 aut
762 2027 973 2108 interpolatum
1000 2044 1067 2087 esse
1095 2034 1145 2086 aut
1167 2026 1332 2088 recentiore
1355 2045 1425 2088 aevo

150 2141 258 2206 ortum,
280 2125 364 2190 facile
387 2127 582 2190 demonstrari
604 2137 711 2213 potest.
756 2127 859 2210 Itaque
879 2127 1075 2190 incommodis
1097 2145 1216 2208 semper
1236 2125 1427 2206 digressibui·

152 2229 208 2293 bus
229 2227 461 2310 'lbeoclymeuus
492 2227 522 2290 in
550 2230 717 2312 posteriore
741 2227 889 2312 Odysseae
917 2237 1001 2320 papte
1029 2228 1168 2291 discurrit
1197 2237 1226 2290 et
1253 2229 1338 2310 quasi
1358 2247 1426 2310 per·

150 2331 260 2393 labitur
280 2340 313 2392 ut
333 2329 380 2392 vix
401 2329 457 2392 dici
479 2330 583 2414 possit,
607 2331 676 2411 quid
700 2331 819 2393 taudem
841 2339 944 2394 auctor
965 2331 1021 2392 bac
1041 2349 1169 2410 persona
1192 2329 1247 2392 sibi
1269 2329 1401 2392 voluerit.
1423 2312 1426 2321 ¹

236 2431 289 2494 His
312 2441 409 2493 autem
431 2431 564 2494 versibus
586 2432 622 2494 de
646 2432 752 2514 quibus
774 2433 863 2493 modo
887 2431 1051 2512 expositum
1074 2441 1119 2494 est
1140 2429 1272 2506 sublatis,
1304 2427 1428 2496 έπάνο-

153 2531 210 2612 δας
235 2529 435 2620 Τηλεμάχου,
460 2553 535 2615 quae
556 2553 582 2594 v.
603 2536 662 2598 166
685 2533 846 2609 clauditur,
868 2532 1026 2594 admodum
1048 2532 1124 2592 bene
1147 2540 1176 2594 et
1198 2532 1338 2594 continua
1360 2552 1428 2593 nar·

153 2635 267 2698 ratione
296 2631 438 2714 procedit.
483 2631 560 2704 Quid
587 2652 656 2694 rero
684 2635 796 2710 obstet,
826 2633 984 2714 quominus
1012 2653 1077 2694 eam
1100 2652 1165 2694 cum
1189 2625 1428 2725 άναγνωρισμηῖΙ

24 2767 28 2786 ·
148 2727 335 2810 Ὀδυσσέως
364 2733 394 2794 in
423 2731 828 2816 rbaps.1rconiungamus,
857 2733 926 2796 uolo
956 2743 1099 2816 repetere.
1143 2733 1205 2795 lam
1227 2733 1317 2796 altera
1339 2733 1428 2821 huius
1500 2775 1504 2780 ·

152 2818 221 2897 libri
243 2855 313 2918 pars
335 2834 403 2896 iude
426 2855 442 2898 a
465 2855 491 2898 u.
509 2837 568 2900 182
592 2835 668 2897 circa
687 2827 872 2912 Ὀδυσσέως
894 2830 1058 2900 ἐπάνοδον
1080 2844 1222 2898 versatur.
1266 2835 1428 2918 Utramque

152 2947 267 3020 partem
294 2935 391 2998 brevis
418 2935 576 3008 intercedit
602 2935 745 3018 expositio
775 2938 811 2999 de
839 2957 997 3020 procorum
1020 2938 1146 3000 adventu
1168 2935 1199 2999 in
1221 2937 1329 3022 palatio
1352 2957 1429 3018 quae

153 3037 226 3128 mihi
248 3037 284 3100 ad
308 3039 521 3102 diasceuastam
544 3039 699 3102 relerenda
721 3039 844 3118 videtur,
868 3041 905 3102 ad
927 3058 994 3100 eum
1018 3038 1093 3114 dico,
1117 3038 1167 3122 qui
1190 3058 1206 3100 e
1229 3039 1343 3100 duabus
1361 3030 1430 3120 par-¹

153 3139 232 3202 tibus
255 3138 311 3202 sibi
334 3139 457 3203 invicem
480 3141 644 3218 contrariis,
668 3161 759 3202 unum
782 3160 901 3202 carmen
923 3141 1039 3200 efficere
1061 3141 1160 3203 voluit.
1204 3139 1277 3202 Nam
1298 3141 1429 3223 primum

156 3241 275 3325 quidem
297 3239 371 3302 baec
393 3239 535 3324 expositio
558 3241 620 3302 lere
641 3249 701 3304 tota
724 3261 759 3303 ex
781 3241 892 3304 iteratis
914 3239 1047 3302 versibus
1065 3251 1188 3304 constat.
1234 3233 1430 3333 Conferant‘ur

154 3343 234 3405 euim
267 3362 294 3404 v.
313 3345 478 3407 167-169
502 3360 569 3404 αισα
592 3337 620 3418 δ,
638 3345 817 3420 ets-627,
839 3343 1032 3408 v.178.179
1056 3361 1122 3403 cum
1144 3362 1170 3402 v.
1187 3345 1237 3406 85.
1254 3345 1305 3418 86,
1327 3345 1428 3407 v.177

156 3463 222 3506 cum
245 3465 289 3522 π,
306 3445 378 3521 358,
401 3461 426 3504 v.
446 3445 612 3508 rso-182
635 3461 702 3504 cum
724 3446 837 3520 v‚249
854 3463 919 3524 sqq.
964 3439 1076 3504 Deinde
1098 3443 1222 3518 Medon,
1253 3463 1363 3506 coenae
1385 3441 1430 3508 vel

154 3543 271 3626 prandii
294 3553 436 3626 tempore,
458 3553 615 3627 postquam
638 3543 673 3622 ii,
703 3544 753 3625 qui
775 3553 861 3606 antea
884 3562 1000 3627 quoque
1021 3563 1129 3625 pecora
1152 3543 1349 3622 adduxerant,
1378 3565 1431 3627 pa«

156 3653 251 3707 stores
273 3647 428 3723 nimirum,
452 3646 559 3728 quibus
581 3655 679 3708 certus
699 3665 840 3730 pecorum
863 3664 1004 3707 numerus
1027 3645 1132 3706 cotidie
1161 3645 1329 3707 allerendus
1358 3653 1429 3720 erat,

155 3741 346 3836 advenerunt,
369 3767 475 3830 procos
497 3748 528 3810 in
549 3747 691 3830 palatium
713 3757 810 3810 vocat:

195 3892 202 3902 ·
310 3865 379 3938 ἀλλ’
405 3867 461 3938 ὅτε
483 3869 522 3955 δὴ
546 3869 744 3954 δείπνηστος
765 3870 820 3956 έην
842 3870 897 3936 καὶ
919 3866 1069 3954 ἐπήλυθε
1089 3867 1179 3953 μῆλα

309 3969 483 4036 πάντοθεν
506 3969 541 4048 έξ
562 3963 680 4054 άγριδν,
703 3968 738 4034 οἱ
759 3965 791 4034 δ’
816 3967 946 4054 ἤγαγον,
970 3971 1004 4034 οἳ
1024 3964 1063 4034 τδ
1085 3965 1195 4051 πάρος
1214 3988 1302 4051 περ,Ι

309 4072 365 4138 καὶ
385 4067 461 4138 τότε
483 4067 523 4157 δή
546 4091 627 4156 σφιν
650 4068 742 4138 teme
762 4068 905 4136 Μέδων·
929 4065 966 4148 ὃς
986 4066 1048 4154 γάρ
1069 4064 1279 4152 depelluntor
1381 4090 1385 4102 ’

311 4165 430 4257 ἥνδανε
451 4167 595 4258 κηρύκων
617 4175 680 4248 καί,
695 4191 776 4256 σφιν
798 4177 1012 4259 παρεγίγνετο
1035 4168 1143 4234 δαιτί·

361 4274 484 4360 κοῦροι,
508 4271 582 4340 ἐπεὶ
605 4271 644 4359 δὴ
666 4271 790 4352 πάντες
812 4273 997 4360 ἐτέρφθητε
1018 4265 1108 4358 φρέν’
1133 4263 1281 4356 άέθλοιρ,

311 4373 450 4460 ἔρχεσθε
470 4373 557 4462 πρὸς
579 4367 710 4458 δώμαθ’
734 4368 775 4440 ἵν’
799 4369 1013 4454 ἐντυνώμεθα
1034 4371 1150 4440 δαῖτα·

312 4469 351 4542 οδ
372 4475 432 4562 μέν
454 4475 515 4564 γάρ
537 4501 572 4544 τι
591 4475 717 4564 χέρειον
740 4473 774 4542 έν
797 4469 864 4560 ὥρη
888 4473 1024 4542 δεῖπνον
1046 4473 1195 4544 ἑλέσθαι.

154 4602 261 4690 Mello
290 4615 388 4668 autem
417 4625 444 4666 v.
463 4607 523 4672 170
552 4623 611 4673 σου
640 4611 739 4686 potent
765 4603 804 4664 de
831 4601 903 4666 solis
931 4603 1034 4668 oribus
1060 4604 1205 4684 intellegi,
1233 4603 1429 4684 quiar.18ll
