3320 5238
777 293 954 392 at...

212 481 379 578 mutoth
400 501 515 556 tantun
537 493 650 568 naun,
666 481 708 554 'in
730 492 814 556 iniec
834 491 1030 556 uari-'deum
1050 491 1123 555 nani
1145 477 1281 553 meiat:
1324 484 1496 554 ashoure

213 599 243 662 si
266 587 375 659 hocin
397 595 462 656 loeo
482 593 626 656 tolluntur
647 591 677 654 hi
700 609 813 670 versus,
833 607 923 660 nemo
945 593 1104 674 intellegit,
1107 627 1110 638 ·
1127 592 1235 672 quihus
1257 584 1383 656 tandem·
1396 587 1496 656 'verbio

217 697 376 762 consilinm
398 697 435 758 de
456 705 614 775 procorum
635 685 726 758 caede
748 696 949 771 contineatur,
973 696 1009 758 de
1032 703 1093 776 qno
1112 702 1198 775 pam
1219 711 1287 756 cnm
1308 693 1368 756 filio
1389 709 1416 756 v.
1427 697 1496 760 884

220 800 375 862 consulere
397 797 495 858 voluit.
540 797 651 876 ltaque
665 796 854 859 elatuendum
875 797 947 859 milri
968 793 1083 859 videtur
1097 797 1179 858 leeth
1143 795 1429 932 mtorpolatlorre
1446 807 1498 874 ge·

219 901 328 962 natione
351 899 494 979 quosdam
517 915 620 959 versus
644 897 796 960 excidisse.
983 925 984 932 ι

215 1009 227 1044 ·'
303 1001 404 1063 lam'
396 1018 427 1061 m
456 1017 481 1060 v.
498 1001 557 1063 :321
589 999 766 1079 colloquium
788 1000 1002 1080 interpatrem
1024 997 1167 1060 etlilium
1189 998 1225 1059 ed
1248 999 1340 1062 finem
1361 999 1498 1079 pertenit

216 1112 249 1166 ct
275 1102 407 1165 namatio
434 1101 470 1162 ad
493 1100 662 1162 Ithacenses
683 1101 851 1162 Telemachi
879 1101 975 1164 socios
1002 1101 1093 1176 redit,
1126 1093 1178 1179 qui
1204 1099 1235 1160 in
1257 1099 1362 1162 urhcm
1384 1099 1496 1162 devecti

218 1205 321 1285 pulcra
349 1205 429 1265 dona
444 1203 487 1262 'in
511 1199 593 1282 Clytii
621 1203 741 1263 domum
770 1201 907 1264 deierunt
934 1210 964 1265 et
990 1219 1044 1284 per
1065 1214 1244 1283 praeconem
1261 1203 1304 1264 'de
1325 1202 1423 1265 re'dltu
1444 1203 1498 1264 dlii

218 1305 388 1384 Penelopen
422 1303 578 1364 certiorem
605 1303 724 1364 iaciunt.
770 1305 827 1366 Sed
856 1301 1049 1366 Telemachus
1077 1303 1173 1366 accim
1199 1311 1315 1366 mum
1335 1305 1497 1368 tuamen

219 1405 480 1490 devehiiusserat.
509 1403 631 1484 Reliqua
653 1404 731 1466 ultro
752 1405 872 1480 iaciunt,
895 1421 992 1486 neque
1012 1404 1151 1484 intellego
1173 1405 1277 1486 quidni
1298 1406 1375 1468 dona
1399 1407 1499 1470 statim

219 1508 277 1589 ipsi
300 1507 465 1586 Penelopae
486 1505 670 1568 tradiderint.
700 1506 813 1567 Eamne
835 1507 962 1570 reditum
984 1505 1036 1572 ulii
1058 1506 1154 1568 celare
1175 1507 1352 1572 volucrunt?
1373 1509 1411 1570 nt
1431 1509 1499 1571 mit·

213 1617 287 1670 tunt
306 1625 494 1688 praeconem,
518 1613 548 1668 et
568 1615 667 1669 tamen
689 1627 777 1669 nemo
799 1609 892 1688 magis
914 1607 1089 1670 Telemacho
1111 1603 1258 1670 adremari
1280 1609 1385 1689 potuit,
1409 1629 1499 1690 quam

212 1710 272 1790 qui
294 1709 435 1770 nuntium
453 1709 542 1781 misit,
565 1697 661 1788 quem*
676 1729 736 1770 non
758 1717 889 1771 vetuerat
911 1717 988 1784 ante,
1012 1727 1088 1788 quae
1110 1727 1169 1771 nna
1184 1710 1333 1789 Penelope
1355 1711 1431 1772 scire
1446 1712 1499 1774 de·

220 1810 318 1884 hehet,
342 1809 479 1872 omnihus
501 1810 657 1890 divolgare.
688 1809 790 1888 ltaque
810 1809 856 1871 vel
878 1810 935 1872 hoc
955 1810 1157 1889 gravissimam
1179 1811 1414 1893 interpolationis
1431 1831 1498 1874 suo

219 1911 367 1991 picionem
388 1921 493 1985 movet,
516 1911 594 1990 quod
618 1917 719 1971 auctor
740 1912 847 1972 horum
868 1926 1006 1973 ramnum
1023 1911 1157 1992 quisquis
1172 1913 1242 1989 init,
1264 1931 1326 1974 rem
1341 1921 1401 1974 mm
1415 1913 1496 1974 nude

218 2011 363 2092 exposuit,
387 2030 442 2073 nec
464 2013 500 2074 de
523 2012 635 2074 caussis
657 2011 817 2091 quidquam
839 2012 977 2093 protulit,
1001 2021 1135 2076 curtam
1157 2013 1318 2077 inlaustum
1341 2013 1497 2076 consilium

214 2113 391 2176 libanenses
412 2110 541 2174 inierint.
585 2115 626 2175 ho
646 2131 771 2193 praeco,
787 2113 936 2193 quomodo
959 2113 1055 2176 cilicio
1077 2114 1230 2194 fungitur?
1264 2115 1377 2178 Clamat
1397 2131 1499 2178 coram

213 2214 359 2276 «omnihus
382 2215 508 2276 ancillis:

467 2311 528 2400 ἤδη
551 2333 606 2379 τοι
624 2312 788 2399 βασίλεια,
814 2312 912 2398 φίλος
933 2309 1016 2390 πάις
1038 2259 1242 2397 εἰλήλουθεν.

126 2487 128 2494 ,
215 2417 323 2497 ltaque
345 2416 472 2493 ancillis,
502 2435 627 2498 quarum
648 2416 792 2496 plurimae
813 2416 912 2496 procis
932 2416 1084 2492 invehant,
1112 2415 1245 2478 interfuit
1266 2414 1430 2497 Penelope,
1461 2417 1499 2480 de

222 2539 279 2612 qua
301 2519 493 2582 Telemachus
515 2517 615 2602 paullo
637 2527 723 2579 antea
746 2517 873 2580 dixerat:

467 2613 505 2686 οὗ
527 2619 587 2702 μὲν
609 2616 671 2704 γάρ
693 2641 727 2684 τι
747 2614 846 2703 θαμὰ
866 2610 1043 2704 μνηστῆρσ’
1069 2614 1175 2684 tu*
1139 2639 1219 2702 οικῳ

425 2727 589 2806 φαίνεται,
614 2713 777 2785 ἀλλ”απὸ
799 2721 865 2786 τῶν
887 2713 1324 2805 οπορωίῳίλστὸνοφανει

214 2825 257 2886 nt
283 2824 416 2886 nondum
443 2842 551 2902 praeco
574 2822 662 2882 verba
684 2839 738 2882 sua
760 2823 932 2900 protulerat,
955 2841 1023 2884 cum
1044 2821 1224 2884 Eumaeus
1215 2839 1275 2882 ram
1296 2821 1381 2884 adeat
1402 2829 1432 2884 et
1452 2841 1500 2884 re-

211 2927 307 3005 ·ginae
329 2925 428 2986 omnia
451 2923 585 2984 enuntiat
606 2939 682 3001 quac
703 2922 906 3000 iilius-ipsum·
925 2921 1061 2982 nuntiare
1082 2921 1217 2996 iusserat,
1240 2921 1302 2982 lere
1325 2923 1398 2982 nihil
1420 2921 1500 2985 alind

220 3028 310 3106 igitur
332 3044 420 3104 quam
443 3041 518 3103 quac
540 3042 555 3084 a
578 3039 725 3102 praecone
747 3023 838 3083 modo
858 3021 1016 3083 audiverat.
1061 3021 1171 3100 Ecquis
1193 3027 1291 3082 autem
1314 3041 1374 3084 non
1393 3025 1431 3084 de
1446 3017 1501 3086 Pe'·

220 3127 328 3206 nelope
356 3125 495 3200 miretur,
527 3141 602 3204 quae
630 3123 689 3184 alto
717 3117 835 3185 silentio
863 3129 1022 3202 utrumque
1044 3121 1180 3184 nuntium
1202 3121 1332 3202 exeipit?
1374 3115 1500 3201 Nonde

213 3243 378 3309 praecone,
403 3226 452 3305 q'ui
474 3226 562 3287 unico
584 3243 671 3286 versu
692 3225 830 3286 mandata
853 3222 1027 3304 exequitur?
1059 3224 1125 3286 Non
1147 3223 1186 3285 de
1206 3223 1338 3286 Eumaeo
1361 3226 1498 3306 deniquae,

213 3327 302 3410 *quod
325 3345 385 3388 non
408 3327 558 3388 acerrimis
581 3325 679 3388 statim
701 3326 798 3388 verbis
821 3325 958 3388 stolidum
981 3337 1160 3406 praeconem
1176 3324 1319 3403 obiurgat,
1344 3327 1393 3406 qui
1409 3327 1499 3390 invito

214 3437 302 3493 come
323 3428 508 3503 Telemacho,
531 3435 622 3490 totam
645 3429 770 3490 remita
792 3427 956 3506 divulgavit,
980 3445 1039 3490 una
1062 3434 1183 3506 exceptu
1198 3425 1346 3508 Penelope
1360 3429 1499 3492 ammon

222 3528 488 3594 dissimulandam?
509 3529 615 3590 Nonne
636 3527 737 3588 mirari
759 3528 863 3590 saltem
884 3525 1050 3602 dehebat'
1042 3547 1102 3590 ram
1123 3528 1212 3590 alium
1228 3529 1333 3592 adesse
1350 3530 1497 3607 nundum,

222 3633 259 3696 ah
281 3633 338 3696 alio
361 3632 484 3718 missum
506 3643 595 3711 quam
618 3647 634 3690 a
656 3624 853 3693 Telemacho?
898 3629 956 3690 Sed
977 3627 1075 3693 honus
1092 3612 1246 3690 Eumaeus

634 3727 708 3794 ἐπεὶ
732 3724 772 3814 δὴ
793 3729 908 3794 πᾶσαν
930 3721 1179 3853 ἐφημοσύνην
1161 3725 1332 3808 onerentur,

252 3820 254 3828 ’
376 3822 511 3917 piqd'³
504 3829 614 3914 ἴμεναι
635 3820 758 3914 We
736 3833 866 3908 οας,ί
831 3821 1010 3896 λίπεο’”
992 3827 1143 3914 opacatae
1163 3827 1305 3917 μέγαρόν
1326 3855 1371 3911 το,

222 3955 329 4016 praeco
357 3935 444 3997 tacite
472 3935 624 3998 omittitur.
669 3933 804 4014 Longum
833 3943 879 3996 est
893 3928 1016 3998 ‘dlutius
1044 3933 1075 3996 in
1103 3933 1294 4014 perversitate
1322 3943 1353 3996 et
1380 3935 1500 4016 ineptiis

222 4037 311 4102 huius
333 4036 510 4098 narrationis
531 4036 600 4098 inde
622 4054 639 4097 a
661 4054 687 4096 v.
700 4038 762 4100 337
785 4034 928 4098 laborare.
974 4027 1041 4107 Quo
1061 4035 1092 4096 in
1113 4034 1178 4096 loco
1200 4035 1415 4115 mihiqnidem
1436 4057 1501 4100 cer·

215 4141 287 4199 lum
313 4135 443 4212 videtur,
474 4145 624 4198 auctorem
645 4135 711 4196 libri
733 4135 841 4198 decimi
862 4137 952 4211 sexti,
981 4153 1049 4196 eum
1072 4135 1137 4197 dico
1160 4136 1210 4215 qui
1232 4136 1348 4216 singula
1370 4125 1501 4202 earmina
1620 4119 1624 4138 ’

223 4223 370 4300 inunum
393 4235 513 4316 redegit,
537 4239 597 4299 sive
620 4227 797 4310 Homerum,
821 4235 880 4296 sive
903 4251 996 4298 unum
1017 4254 1034 4296 e
1055 4235 1201 4300 Pisistrati
1221 4225 1326 4314 scens,
1355 4239 1415 4302 duo
1437 4257 1502 4302 car-

216 4339 305 4400 ·mina
332 4337 481 4398 invenisse
510 4336 565 4398 sihi
594 4337 717 4399 invicem
739 4337 903 4412 contrarie,
929 4354 1096 4417 equorum
1119 4337 1211 4400 altero
1232 4337 1425 4404 Telemachus
1446 4345 1501 4422 per

213 4439 388 4502 ‘Eumaeum
410 4445 533 4502 matrem
555 4438 667 4500 reditus
689 4429 735 4500 s'ui
757 4439 912 4502 certiorem
934 4435 1024 4514 iecit,¹
1050 4439 1142 4501 altero
1162 4449 1232 4500 vero
1254 4429 1424 4502 ithacenses
1445 4454 1501 4517 per

224 4555 418 4620 praeconem,
445 4541 602 4620 ignorante
628 4540 753 4600 sonasse
780 4539 965 4604 Telemacho.
1010 4529 1174 4620 Utrumque
1199 4549 1281 4604 eleae
1310 4549 1372 4604 uon
1391 4538 1499 4621 potuit,
