3320 5238
746 259 802 370 im

138 493 253 558 decime
275 491 376 572 quinta
398 507 424 552 v.
443 491 502 556 193
524 489 689 553 receudore
709 505 779 551 aero
802 507 869 552 esse
890 497 987 552 ortam
1007 509 1097 571 quam
1118 491 1254 574 primam,
1279 490 1310 555 id
1333 491 1413 574 quod

139 612 176 658 ex
196 591 363 674 argumenti
389 600 495 654 natura
522 599 552 654 et
572 609 592 654 e
610 591 686 654 mue
707 589 930 671 compositionis
951 591 1065 654 ratione
1093 594 1165 656 satis
1185 593 1339 674 ingeniose
1360 593 1412 656 de-

138 701 307 758 monstrare
328 699 451 756 conatus
473 700 533 768 est,
562 691 593 752 in
615 689 901 767 commensalem,
930 693 1009 772 quod
1031 692 1134 756 eedem
1158 694 1412 774 argumentatione

139 795 239 860 omniu
260 793 474 869 condemnarit,
495 811 594 874 neque
614 793 739 856 mrdtum
760 792 906 855 interesse
927 792 999 856 vidit
1012 793 1091 858 inter
1111 794 1175 876 ipse
1190 795 1322 858 carmina
1336 813 1411 875 quae

139 897 174 961 in
192 915 286 960 uuum
307 913 416 976 corpus
443 893 562 956 reducta
589 901 711 958 suntet
738 879 989 958 diasceuastarum
1011 881 1214 961 ‘additamento
1229 903 1260 958 et
1280 896 1413 976 interpo-

140 997 276 1062 lationes.
320 996 441 1060 Censuit
462 1004 615 1076 praeterea
635 995 717 1058 haud
737 993 869 1076 paullum
890 996 1058 1058 confirmari
1080 1013 1163 1058 suam
1178 996 1354 1060 sententiam
1377 1015 1413 1060 ex

141 1097 315 1162 elocutionis
343 1087 526 1172 diminitum,
555 1114 614 1177 qua
641 1097 772 1160 secunde
798 1115 869 1178 pars
896 1115 913 1158 e
940 1096 1040 1178 priore
1071 1096 1233 1160 recederet.

202 1200 265 1262 lom
276 1217 331 1278 ego
346 1199 386 1262 ita
400 1198 516 1279 perstiti
529 1198 561 1260 iu
575 1198 634 1261 hoc
644 1197 853 1279 disputationis
866 1205 987 1278 puncto,
1002 1206 1037 1261 ut
1048 1217 1192 1260 uovorum
1206 1197 1412 1262 vocabulorum

142 1309 173 1364 et
185 1293 279 1377 ἅπαξ
292 1296 469 1383 εἰρημένων
484 1317 561 1379 quae
574 1299 606 1360 iu
617 1300 747 1363 secunda
762 1307 846 1380 parte
866 1299 1056 1362 inveniuntur
1076 1299 1290 1380 amplissimum
1309 1319 1413 1362 recen·

139 1418 419 1466 seremuumemm:
435 1419 562 1481 quorum
580 1399 636 1464 alia
650 1419 723 1463 sane
737 1401 931 1464 recentiorem
947 1399 1091 1481 originem
1102 1401 1257 1464 manifesto
1271 1401 1411 1482 produnt,

141 1501 198 1566 alia
218 1520 324 1583 paruas
346 1509 460 1565 tentum
482 1499 680 1564 dubitationes
700 1509 834 1579 movent,
861 1501 918 1564 alia
939 1501 1067 1583 denique
1089 1501 1170 1565 omui
1190 1510 1295 1565 vacant
1316 1500 1414 1588 suspi-

141 1604 236 1668 cione.
280 1603 340 1666 Sed
361 1600 502 1665 vocebrda
521 1621 555 1664 re
577 1621 644 1666 vem
665 1611 936 1684 suspectandum
957 1603 989 1666 in
1011 1601 1194 1684 interpolatis
1214 1612 1329 1667 tantum
1349 1621 1415 1666 rer·

141 1705 224 1770 sibus
244 1703 433 1768 inveniantur
452 1703 524 1766 iisve
545 1722 620 1784 quos
641 1723 780 1784 perverso
802 1705 1052 1768 diasceuastamm
1066 1703 1171 1766 'studio
1196 1704 1352 1781 debemus,
1375 1723 1414 1768 an

141 1805 230 1872 etiam
250 1807 283 1868 iu
304 1805 341 1868 iis
363 1804 559 1882 carminibus,
581 1823 657 1886 queo
678 1815 837 1886 antequem
858 1806 916 1886 ipsi
939 1805 1088 1887 Odysseae
1110 1787 1227 1886 corpori
1247 1804 1415 1868 insereren-

140 1917 198 1984 tur,
220 1907 345 1970 seorsim
367 1907 437 1968 olim
459 1905 589 1968 extitisse
616 1906 748 1970 ostendi:
780 1914 810 1969 et
837 1915 948 1987 quanto
976 1923 1100 1970 numero
1127 1905 1285 1987 unicuique
1305 1905 1413 1970 horum

139 2027 278 2073 versuum
298 2009 401 2088 generi
422 2007 529 2070 insint:
558 2026 595 2069 ex
615 2015 716 2070 nostru
739 2008 986 2070 commentatione
1007 2007 1065 2088 ipsi
1091 2005 1209 2070 iideant
1228 2007 1352 2070 lectores
1374 2008 1415 2070 si·

140 2111 261 2190 mulque
281 2109 477 2191 perpendant,
508 2116 608 2172 uuum
640 2108 672 2170 iu
696 2108 836 2189 Gepperti
867 2109 1045 2172 seutentiam
1077 2107 1159 2171 abire
1185 2109 1275 2172 velint
1307 2125 1411 2184 necue,

142 2230 232 2293 quom
252 2231 376 2292 prorsus
397 2211 552 2292 neglegere
573 2227 745 2290 perversum
766 2219 822 2286 est,
845 2211 927 2273 omui
948 2230 985 2274 ex
1006 2218 1090 2293 parte
1117 2209 1255 2290 probare,
1279 2229 1340 2275 non
1367 2229 1414 2272 re·

141 2321 232 2378 ctum.
277 2311 413 2374 Ceterum
435 2311 551 2374 valeant
571 2311 696 2374 lectores
717 2312 887 2393 nostrisque
908 2313 1015 2376 studiis
1036 2329 1131 2393 aeque
1151 2309 1286 2390 beneque
1308 2329 1415 2373 consu·

140 2414 219 2492 lent,
247 2433 411 2490 memores,
438 2433 495 2476 nos
522 2414 554 2476 in
581 2412 796 2478 conscribendo
823 2412 922 2476 libello
950 2432 1012 2476 nou
1048 2413 1156 2476 docere
1187 2411 1331 2488 voluisse,
1361 2411 1415 2472 sed

141 2517 265 2582 discere.
