<?xml version="1.0" encoding="UTF-8"?>
<!DOCTYPE html PUBLIC "-//W3C//DTD XHTML 1.0 Transitional//EN"
    "http://www.w3.org/TR/xhtml1/DTD/xhtml1-transitional.dtd">
<html xmlns="http://www.w3.org/1999/xhtml" xml:lang="en" lang="en">
 <head>
  <title>
</title>
<meta http-equiv="Content-Type" content="text/html;charset=utf-8" />
  <meta name='ocr-system' content='tesseract 3.04.00' />
  <meta name='ocr-capabilities' content='ocr_page ocr_carea ocr_par ocr_line ocrx_word'/>
</head>
<body>
  <div class='ocr_page' id='page_1' title='image "./commentationese01volkgoog_0105.png"; bbox 0 0 3320 5238; ppageno 0'>
   <div class='ocr_carea' id='block_1_1' title="bbox 833 343 877 408">
    <p class='ocr_par' dir='ltr' id='par_1_1' title="bbox 833 343 877 408">
     <span class='ocr_line' id='line_1_1' title="bbox 833 343 877 408; baseline 0 0"><span class='ocrx_word' id='word_1_1' title='bbox 833 343 877 408; x_wconf 72' lang='grc'><strong>92</strong></span> 
     </span>
    </p>
   </div>
   <div class='ocr_carea' id='block_1_2' title="bbox 750 423 961 441">
    <p class='ocr_par' dir='ltr' id='par_1_2' title="bbox 750 423 961 441">
     <span class='ocr_line' id='line_1_2' title="bbox 750 423 961 441; baseline 0.005 -1"><span class='ocrx_word' id='word_1_2' title='bbox 750 423 961 441; x_wconf 54' lang='grc' dir='ltr'><strong><em>ιι-ῌ</em></strong></span> 
     </span>
    </p>
   </div>
   <div class='ocr_carea' id='block_1_3' title="bbox 213 521 1554 1827">
    <p class='ocr_par' dir='ltr' id='par_1_3' title="bbox 213 521 1505 1017">
     <span class='ocr_line' id='line_1_3' title="bbox 213 521 1498 610; baseline -0.003 -16"><span class='ocrx_word' id='word_1_3' title='bbox 213 533 297 594; x_wconf 70' lang='lat' dir='ltr'><strong>osto</strong></span> <span class='ocrx_word' id='word_1_4' title='bbox 316 527 423 590; x_wconf 74' lang='grc' dir='ltr'><strong><em>ιιιιιι</em></strong></span> <span class='ocrx_word' id='word_1_5' title='bbox 440 527 491 590; x_wconf 83' lang='lat' dir='ltr'><strong>ah</strong></span> <span class='ocrx_word' id='word_1_6' title='bbox 498 523 615 590; x_wconf 60' lang='lat' dir='ltr'><strong>intebea</strong></span> <span class='ocrx_word' id='word_1_7' title='bbox 635 533 730 591; x_wconf 82' lang='grc' dir='ltr'><strong><em>ιιιιιι</em></strong></span> <span class='ocrx_word' id='word_1_8' title='bbox 752 533 901 610; x_wconf 62' lang='lat' dir='ltr'><strong>erasmus,</strong></span> <span class='ocrx_word' id='word_1_9' title='bbox 922 543 998 591; x_wconf 85' lang='grc' dir='ltr'><strong><em>ιιιι</em></strong></span> <span class='ocrx_word' id='word_1_10' title='bbox 1019 523 1107 593; x_wconf 74' lang='lat' dir='ltr'><strong>talem</strong></span> <span class='ocrx_word' id='word_1_11' title='bbox 1125 523 1162 590; x_wconf 83' lang='lat' dir='ltr'><strong>se</strong></span> <span class='ocrx_word' id='word_1_12' title='bbox 1169 521 1316 603; x_wconf 73' lang='grc' dir='ltr'><strong><em>ἰιιι’ὶι”ιιι·,</em></strong></span> <span class='ocrx_word' id='word_1_13' title='bbox 1333 521 1454 608; x_wconf 87' lang='lat' dir='ltr'><strong>qualem</strong></span> <span class='ocrx_word' id='word_1_14' title='bbox 1473 543 1498 590; x_wconf 82' lang='grc' dir='ltr'><strong>ιι</strong></span> 
     </span>
     <span class='ocr_line' id='line_1_4' title="bbox 213 627 1496 765; baseline -0.001 -73"><span class='ocrx_word' id='word_1_15' title='bbox 213 631 323 710; x_wconf 87' lang='lat' dir='ltr'><strong>riraps.</strong></span> <span class='ocrx_word' id='word_1_16' title='bbox 329 633 362 712; x_wconf 81' lang='grc' dir='ltr'><strong>’β</strong></span> <span class='ocrx_word' id='word_1_17' title='bbox 379 629 582 708; x_wconf 78' lang='lat' dir='ltr'><strong>cognorimus,</strong></span> <span class='ocrx_word' id='word_1_18' title='bbox 612 631 760 752; x_wconf 74' lang='lat' dir='ltr'><strong>egregium</strong></span> <span class='ocrx_word' id='word_1_19' title='bbox 788 630 924 712; x_wconf 81' lang='lat' dir='ltr'><strong>pietatis</strong></span> <span class='ocrx_word' id='word_1_20' title='bbox 935 627 1100 758; x_wconf 73' lang='lat' dir='ltr'><strong>exemplar,</strong></span> <span class='ocrx_word' id='word_1_21' title='bbox 1130 645 1211 765; x_wconf 91' lang='lat' dir='ltr'>Q</span> <span class='ocrx_word' id='word_1_22' title='bbox 1207 645 1327 710; x_wconf 82' lang='lat' dir='ltr'><strong>aspere</strong></span> <span class='ocrx_word' id='word_1_23' title='bbox 1349 632 1380 692; x_wconf 85' lang='grc' dir='ltr'><strong>ιι</strong></span> <span class='ocrx_word' id='word_1_24' title='bbox 1402 627 1496 693; x_wconf 74' lang='lat' dir='ltr'><strong>incid·</strong></span> 
     </span>
     <span class='ocr_line' id='line_1_5' title="bbox 213 723 1505 811; baseline -0.002 -17"><span class='ocrx_word' id='word_1_25' title='bbox 213 739 331 796; x_wconf 79' lang='lat' dir='ltr'><strong>menter</strong></span> <span class='ocrx_word' id='word_1_26' title='bbox 350 745 451 811; x_wconf 80' lang='lat' dir='ltr'><strong>paene</strong></span> <span class='ocrx_word' id='word_1_27' title='bbox 467 723 700 810; x_wconf 75' lang='lat' dir='ltr'><strong>respondeat-&#39;-¹</strong></span> <span class='ocrx_word' id='word_1_28' title='bbox 1339 773 1343 780; x_wconf 82' lang='lat'>-</span> <span class='ocrx_word' id='word_1_29' title='bbox 1480 760 1505 782; x_wconf 85' lang='lat'><strong>.-</strong></span> 
     </span>
     <span class='ocr_line' id='line_1_6' title="bbox 226 817 1293 916; baseline 0.001 -23"><span class='ocrx_word' id='word_1_30' title='bbox 226 859 237 870; x_wconf 88' lang='lat'><strong>·</strong></span> <span class='ocrx_word' id='word_1_31' title='bbox 365 832 468 914; x_wconf 74' lang='grc' dir='ltr'><strong><em>μῆτερ</em></strong></span> <span class='ocrx_word' id='word_1_32' title='bbox 490 827 560 913; x_wconf 73' lang='grc' dir='ltr'><strong>ἐμή,</strong></span> <span class='ocrx_word' id='word_1_33' title='bbox 584 827 628 915; x_wconf 68' lang='grc' dir='ltr'><strong>μή</strong></span> <span class='ocrx_word' id='word_1_34' title='bbox 650 851 710 914; x_wconf 86' lang='grc' dir='ltr'><strong>μιι</strong></span> <span class='ocrx_word' id='word_1_35' title='bbox 730 827 808 915; x_wconf 81' lang='grc' dir='ltr'><strong><em>γόον</em></strong></span> <span class='ocrx_word' id='word_1_36' title='bbox 831 826 961 916; x_wconf 70' lang='grc' dir='ltr'><strong><em>ὄρνιθι,</em></strong></span> <span class='ocrx_word' id='word_1_37' title='bbox 984 826 1074 916; x_wconf 74' lang='grc' dir='ltr'><strong>μηδὲ</strong></span> <span class='ocrx_word' id='word_1_38' title='bbox 1089 850 1157 914; x_wconf 83' lang='grc' dir='ltr'><strong>μοι</strong></span> <span class='ocrx_word' id='word_1_39' title='bbox 1169 817 1293 916; x_wconf 70' lang='grc' dir='ltr'><strong><em>ἦιορ</em></strong></span> 
     </span>
     <span class='ocr_line' id='line_1_7' title="bbox 250 926 1273 1017; baseline 0.003 -23"><span class='ocrx_word' id='word_1_40' title='bbox 250 941 266 982; x_wconf 81' lang='lat'><strong>·&#39;</strong></span> <span class='ocrx_word' id='word_1_41' title='bbox 360 929 401 994; x_wconf 74' lang='lat' dir='ltr'><strong>eo</strong></span> <span class='ocrx_word' id='word_1_42' title='bbox 384 926 650 1017; x_wconf 75' lang='grc' dir='ltr'><strong><em>νιιιιιιισιν”</em></strong></span> <span class='ocrx_word' id='word_1_43' title='bbox 628 953 719 1016; x_wconf 77' lang='lat' dir='ltr'><strong>optas</strong></span> <span class='ocrx_word' id='word_1_44' title='bbox 737 929 879 1017; x_wconf 64' lang='lat' dir='ltr'><strong>purtim</strong></span> <span class='ocrx_word' id='word_1_45' title='bbox 899 953 966 1017; x_wconf 78' lang='grc' dir='ltr'><strong><em>ιιιρ</em></strong></span> <span class='ocrx_word' id='word_1_46' title='bbox 986 929 1089 998; x_wconf 72' lang='lat' dir='ltr'><strong>clude</strong></span> <span class='ocrx_word' id='word_1_47' title='bbox 1111 927 1273 1016; x_wconf 61' lang='lat' dir='ltr'><strong>macor·</strong></span> 
     </span>
    </p>

    <p class='ocr_par' dir='ltr' id='par_1_4' title="bbox 366 1025 1208 1118">
     <span class='ocr_line' id='line_1_8' title="bbox 366 1025 1208 1118; baseline 0 -20"><span class='ocrx_word' id='word_1_48' title='bbox 366 1025 436 1098; x_wconf 63' lang='grc' dir='ltr'><strong>ἀλλ’</strong></span> <span class='ocrx_word' id='word_1_49' title='bbox 460 1027 673 1118; x_wconf 70' lang='grc' dir='ltr'><strong><em>ὑδρηναμένη,</em></strong></span> <span class='ocrx_word' id='word_1_50' title='bbox 695 1031 832 1118; x_wconf 70' lang='grc' dir='ltr'><strong><em>καθαρὰ</em></strong></span> <span class='ocrx_word' id='word_1_51' title='bbox 850 1035 926 1117; x_wconf 77' lang='grc' dir='ltr'><strong><em>χροὶ</em></strong></span> <span class='ocrx_word' id='word_1_52' title='bbox 948 1025 1068 1117; x_wconf 62' lang='lat' dir='ltr'><strong>ettad</strong></span> <span class='ocrx_word' id='word_1_53' title='bbox 1086 1031 1208 1100; x_wconf 70' lang='lat' dir='ltr'><strong>dioride</strong></span> 
     </span>
    </p>

    <p class='ocr_par' dir='ltr' id='par_1_5' title="bbox 367 1127 1249 1221">
     <span class='ocr_line' id='line_1_9' title="bbox 367 1127 1249 1221; baseline -0.001 -21"><span class='ocrx_word' id='word_1_54' title='bbox 367 1127 416 1208; x_wconf 71' lang='lat' dir='ltr'><strong>alc</strong></span> <span class='ocrx_word' id='word_1_55' title='bbox 435 1127 563 1218; x_wconf 71' lang='grc' dir='ltr'><strong><em>ὑπερῷ’</em></strong></span> <span class='ocrx_word' id='word_1_56' title='bbox 589 1129 741 1218; x_wconf 76' lang='grc' dir='ltr'><em>ἀναβᾶσα</em></span> <span class='ocrx_word' id='word_1_57' title='bbox 759 1133 821 1205; x_wconf 68' lang='grc' dir='ltr'><strong><em>,οὐν</em></strong></span> <span class='ocrx_word' id='word_1_58' title='bbox 844 1129 1073 1221; x_wconf 75' lang='grc' dir='ltr'><em>ἀμφιπόλοισι</em></span> <span class='ocrx_word' id='word_1_59' title='bbox 1094 1133 1249 1218; x_wconf 70' lang='grc' dir='ltr'><strong><em>γυναιξίν,</em></strong></span> 
     </span>
    </p>

    <p class='ocr_par' dir='ltr' id='par_1_6' title="bbox 366 1230 1136 1322">
     <span class='ocr_line' id='line_1_10' title="bbox 366 1230 1136 1322; baseline 0.001 -23"><span class='ocrx_word' id='word_1_60' title='bbox 366 1230 457 1315; x_wconf 64' lang='lat' dir='ltr'><strong>adpro</strong></span> <span class='ocrx_word' id='word_1_61' title='bbox 479 1237 568 1301; x_wconf 78' lang='grc' dir='ltr'><strong><em>πᾶσι</em></strong></span> <span class='ocrx_word' id='word_1_62' title='bbox 587 1240 705 1302; x_wconf 76' lang='grc' dir='ltr'><strong><em>θεοῖσι</em></strong></span> <span class='ocrx_word' id='word_1_63' title='bbox 724 1234 904 1322; x_wconf 76' lang='grc' dir='ltr'><strong><em>τεληέσσας</em></strong></span> <span class='ocrx_word' id='word_1_64' title='bbox 926 1233 1110 1321; x_wconf 68' lang='grc' dir='ltr'><strong><em>ἑκατόμβας</em></strong></span> <span class='ocrx_word' id='word_1_65' title='bbox 1134 1233 1136 1240; x_wconf 66' lang='grc'><em>”</em></span> 
     </span>
    </p>

    <p class='ocr_par' dir='ltr' id='par_1_7' title="bbox 213 1334 1554 1827">
     <span class='ocr_line' id='line_1_11' title="bbox 368 1334 1212 1423; baseline 0 -21"><span class='ocrx_word' id='word_1_66' title='bbox 368 1334 474 1420; x_wconf 75' lang='grc' dir='ltr'><strong><em>ῥέξειν</em></strong></span> <span class='ocrx_word' id='word_1_67' title='bbox 495 1336 534 1403; x_wconf 70' lang='lat' dir='ltr'><strong>od</strong></span> <span class='ocrx_word' id='word_1_68' title='bbox 553 1334 589 1402; x_wconf 76' lang='lat' dir='ltr'><strong>nd</strong></span> <span class='ocrx_word' id='word_1_69' title='bbox 610 1341 701 1402; x_wconf 74' lang='lat' dir='ltr'><strong>reoda</strong></span> <span class='ocrx_word' id='word_1_70' title='bbox 721 1335 806 1415; x_wconf 73' lang='grc' dir='ltr'><em>Ζεὺς</em></span> <span class='ocrx_word' id='word_1_71' title='bbox 827 1334 944 1403; x_wconf 73' lang='grc' dir='ltr'><strong><em>ἄντιτα</em></strong></span> <span class='ocrx_word' id='word_1_72' title='bbox 967 1335 1045 1422; x_wconf 67' lang='grc' dir='ltr'><strong>ἔργα</strong></span> <span class='ocrx_word' id='word_1_73' title='bbox 1065 1335 1212 1423; x_wconf 60' lang='lat' dir='ltr'><strong>calscop:</strong></span> 
     </span>
     <span class='ocr_line' id='line_1_12' title="bbox 216 1439 1554 1521; baseline -0.001 -19"><span class='ocrx_word' id='word_1_74' title='bbox 216 1441 291 1515; x_wconf 73' lang='lat' dir='ltr'><strong>Quis</strong></span> <span class='ocrx_word' id='word_1_75' title='bbox 317 1448 416 1504; x_wconf 87' lang='lat' dir='ltr'><strong>autem</strong></span> <span class='ocrx_word' id='word_1_76' title='bbox 443 1459 480 1502; x_wconf 84' lang='lat' dir='ltr'><strong>ex</strong></span> <span class='ocrx_word' id='word_1_77' title='bbox 501 1449 561 1502; x_wconf 88' lang='lat' dir='ltr'><strong>tam</strong></span> <span class='ocrx_word' id='word_1_78' title='bbox 582 1439 715 1520; x_wconf 77' lang='lat' dir='ltr'><strong>abruptis</strong></span> <span class='ocrx_word' id='word_1_79' title='bbox 736 1440 833 1502; x_wconf 80' lang='lat' dir='ltr'><strong>rathis</strong></span> <span class='ocrx_word' id='word_1_80' title='bbox 864 1439 1035 1518; x_wconf 77' lang='lat' dir='ltr'>intellegere</span> <span class='ocrx_word' id='word_1_81' title='bbox 1066 1443 1181 1521; x_wconf 81' lang='lat' dir='ltr'><strong>potest,</strong></span> <span class='ocrx_word' id='word_1_82' title='bbox 1210 1454 1357 1520; x_wconf 79' lang='lat' dir='ltr'>quaenam</span> <span class='ocrx_word' id='word_1_83' title='bbox 1379 1447 1415 1500; x_wconf 89' lang='grc' dir='ltr'><strong>ιι·</strong></span> <span class='ocrx_word' id='word_1_84' title='bbox 1430 1439 1495 1501; x_wconf 62' lang='lat' dir='ltr'><strong>cui*</strong></span> <span class='ocrx_word' id='word_1_85' title='bbox 1550 1479 1554 1484; x_wconf 90' lang='lat'><em>-</em></span> 
     </span>
     <span class='ocr_line' id='line_1_13' title="bbox 213 1539 1504 1622; baseline -0.004 -17"><span class='ocrx_word' id='word_1_86' title='bbox 213 1553 292 1605; x_wconf 74' lang='lat' dir='ltr'><strong>nam·</strong></span> <span class='ocrx_word' id='word_1_87' title='bbox 305 1541 438 1622; x_wconf 78' lang='lat' dir='ltr'><strong>luppiter</strong></span> <span class='ocrx_word' id='word_1_88' title='bbox 458 1541 623 1621; x_wconf 77' lang='lat' dir='ltr'><strong>rependere</strong></span> <span class='ocrx_word' id='word_1_89' title='bbox 647 1539 773 1602; x_wconf 77' lang='lat' dir='ltr'><strong>debeat?</strong></span> <span class='ocrx_word' id='word_1_90' title='bbox 815 1540 1065 1621; x_wconf 84' lang='lat' dir='ltr'><strong>insequentibus</strong></span> <span class='ocrx_word' id='word_1_91' title='bbox 1086 1541 1220 1604; x_wconf 82' lang='lat' dir='ltr'><strong>versibus</strong></span> <span class='ocrx_word' id='word_1_92' title='bbox 1241 1539 1435 1602; x_wconf 87' lang='lat' dir='ltr'><strong>Telemachus</strong></span> <span class='ocrx_word' id='word_1_93' title='bbox 1458 1539 1504 1601; x_wconf 83' lang='lat' dir='ltr'><strong>sia.</strong></span> 
     </span>
     <span class='ocr_line' id='line_1_14' title="bbox 213 1639 1493 1723; baseline -0.002 -18"><span class='ocrx_word' id='word_1_94' title='bbox 213 1644 245 1705; x_wconf 89' lang='lat' dir='ltr'><strong>in</strong></span> <span class='ocrx_word' id='word_1_95' title='bbox 266 1645 363 1704; x_wconf 85' lang='lat' dir='ltr'><strong>icrunt</strong></span> <span class='ocrx_word' id='word_1_96' title='bbox 385 1639 519 1704; x_wconf 84' lang='lat' dir='ltr'><strong>conierre</strong></span> <span class='ocrx_word' id='word_1_97' title='bbox 540 1641 602 1702; x_wconf 86' lang='lat' dir='ltr'><strong>ruit</strong></span> <span class='ocrx_word' id='word_1_98' title='bbox 622 1649 656 1703; x_wconf 89' lang='grc' dir='ltr'><strong>ιι</strong></span> <span class='ocrx_word' id='word_1_99' title='bbox 669 1641 916 1722; x_wconf 81' lang='lat' dir='ltr'><strong>Theociymenum</strong></span> <span class='ocrx_word' id='word_1_100' title='bbox 931 1643 1080 1723; x_wconf 77' lang='lat' dir='ltr'><strong>hospitem</strong></span> <span class='ocrx_word' id='word_1_101' title='bbox 1095 1663 1110 1704; x_wconf 93' lang='lat' dir='ltr'><strong>a</strong></span> <span class='ocrx_word' id='word_1_102' title='bbox 1126 1640 1230 1706; x_wconf 78' lang='lat' dir='ltr'><strong>Piraeo</strong></span> <span class='ocrx_word' id='word_1_103' title='bbox 1246 1642 1380 1722; x_wconf 79' lang='lat' dir='ltr'><strong>excipiat.</strong></span> <span class='ocrx_word' id='word_1_104' title='bbox 1397 1641 1493 1708; x_wconf 79' lang='lat' dir='ltr'><strong>homo</strong></span> 
     </span>
     <span class='ocr_line' id='line_1_15' title="bbox 215 1743 1492 1827; baseline -0.002 -21"><span class='ocrx_word' id='word_1_105' title='bbox 215 1753 313 1806; x_wconf 79' lang='lat' dir='ltr'><strong>tutem</strong></span> <span class='ocrx_word' id='word_1_106' title='bbox 335 1744 485 1823; x_wconf 74' lang='lat' dir='ltr'><strong>egreditur</strong></span> <span class='ocrx_word' id='word_1_107' title='bbox 504 1743 610 1804; x_wconf 88' lang='lat' dir='ltr'><strong>iisdem</strong></span> <span class='ocrx_word' id='word_1_108' title='bbox 631 1743 773 1818; x_wconf 86' lang='lat' dir='ltr'><strong>versibus,</strong></span> <span class='ocrx_word' id='word_1_109' title='bbox 797 1743 903 1823; x_wconf 87' lang='lat' dir='ltr'><strong>quihus</strong></span> <span class='ocrx_word' id='word_1_110' title='bbox 926 1753 1028 1806; x_wconf 89' lang='lat' dir='ltr'><strong>auctor</strong></span> <span class='ocrx_word' id='word_1_111' title='bbox 1048 1745 1149 1824; x_wconf 90' lang='lat' dir='ltr'><strong>rhaps.</strong></span> <span class='ocrx_word' id='word_1_112' title='bbox 1165 1747 1188 1827; x_wconf 83' lang='grc' dir='ltr'>β</span> <span class='ocrx_word' id='word_1_113' title='bbox 1207 1743 1414 1805; x_wconf 81' lang='lat' dir='ltr'><strong>Telemachum</strong></span> <span class='ocrx_word' id='word_1_114' title='bbox 1429 1759 1492 1804; x_wconf 87' lang='grc' dir='ltr'><strong>ιιι</strong></span> 
     </span>
    </p>
   </div>
   <div class='ocr_carea' id='block_1_4' title="bbox 213 1825 1638 1923">
    <p class='ocr_par' dir='ltr' id='par_1_8' title="bbox 213 1825 1638 1923">
     <span class='ocr_line' id='line_1_16' title="bbox 213 1825 1638 1923; baseline -0.004 -15"><span class='ocrx_word' id='word_1_115' title='bbox 213 1846 252 1908; x_wconf 88' lang='lat' dir='ltr'><strong>itt·</strong></span> <span class='ocrx_word' id='word_1_116' title='bbox 272 1847 370 1908; x_wconf 82' lang='lat' dir='ltr'><strong>loram</strong></span> <span class='ocrx_word' id='word_1_117' title='bbox 395 1845 449 1907; x_wconf 86' lang='lat' dir='ltr'><strong>sed</strong></span> <span class='ocrx_word' id='word_1_118' title='bbox 477 1845 509 1906; x_wconf 92' lang='lat' dir='ltr'><strong>in</strong></span> <span class='ocrx_word' id='word_1_119' title='bbox 537 1843 710 1906; x_wconf 89' lang='lat' dir='ltr'><strong>concionem</strong></span> <span class='ocrx_word' id='word_1_120' title='bbox 738 1844 937 1923; x_wconf 69' lang='lat' dir='ltr'><strong>egredientem</strong></span> <span class='ocrx_word' id='word_1_121' title='bbox 970 1846 1048 1908; x_wconf 91' lang='lat' dir='ltr'><strong>iacit.</strong></span> <span class='ocrx_word' id='word_1_122' title='bbox 1092 1847 1201 1907; x_wconf 85' lang='lat' dir='ltr'><strong>Varum</strong></span> <span class='ocrx_word' id='word_1_123' title='bbox 1234 1847 1402 1908; x_wconf 82' lang='lat' dir='ltr'><strong>ithacenses</strong></span> <span class='ocrx_word' id='word_1_124' title='bbox 1436 1859 1500 1904; x_wconf 92' lang='grc' dir='ltr'><strong><em>ιιι·</em></strong></span> <span class='ocrx_word' id='word_1_125' title='bbox 1597 1898 1600 1904; x_wconf 80' lang='grc'>,</span> <span class='ocrx_word' id='word_1_126' title='bbox 1632 1825 1638 1833; x_wconf 72' lang='grc'><strong>’</strong></span> 
     </span>
    </p>
   </div>
   <div class='ocr_carea' id='block_1_5' title="bbox 140 1941 1495 2532">
    <p class='ocr_par' dir='ltr' id='par_1_9' title="bbox 140 1941 1495 2532">
     <span class='ocr_line' id='line_1_17' title="bbox 212 1941 1491 2028; baseline -0.002 -20"><span class='ocrx_word' id='word_1_127' title='bbox 212 1948 309 2028; x_wconf 86' lang='lat' dir='ltr'><strong>primo</strong></span> <span class='ocrx_word' id='word_1_128' title='bbox 332 1945 448 2008; x_wconf 86' lang='lat' dir='ltr'><strong>diliculo</strong></span> <span class='ocrx_word' id='word_1_129' title='bbox 470 1945 502 2006; x_wconf 93' lang='lat' dir='ltr'><strong>in</strong></span> <span class='ocrx_word' id='word_1_130' title='bbox 524 1945 697 2008; x_wconf 80' lang='lat' dir='ltr'><strong>concionem</strong></span> <span class='ocrx_word' id='word_1_131' title='bbox 720 1954 921 2008; x_wconf 86' lang='lat' dir='ltr'><strong>convenerunt</strong></span> <span class='ocrx_word' id='word_1_132' title='bbox 942 1965 958 2008; x_wconf 92' lang='grc' dir='ltr'><strong>ι</strong></span> <span class='ocrx_word' id='word_1_133' title='bbox 980 1948 1101 2010; x_wconf 83' lang='grc' dir='ltr'><strong><em>ιιιιίιι</em></strong></span> <span class='ocrx_word' id='word_1_134' title='bbox 1123 1945 1284 2012; x_wconf 86' lang='lat' dir='ltr'><strong>indictami</strong></span> <span class='ocrx_word' id='word_1_135' title='bbox 1320 1941 1408 2007; x_wconf 83' lang='lat' dir='ltr'><strong>Nulla</strong></span> <span class='ocrx_word' id='word_1_136' title='bbox 1425 1963 1491 2006; x_wconf 88' lang='lat' dir='ltr'><strong>om·</strong></span> 
     </span>
     <span class='ocr_line' id='line_1_18' title="bbox 140 2046 1493 2133; baseline -0.001 -24"><span class='ocrx_word' id='word_1_137' title='bbox 140 2105 145 2122; x_wconf 90' lang='grc'><em>,</em></span> <span class='ocrx_word' id='word_1_138' title='bbox 213 2047 285 2110; x_wconf 92' lang='lat' dir='ltr'><strong>nino</strong></span> <span class='ocrx_word' id='word_1_139' title='bbox 313 2054 382 2127; x_wconf 91' lang='lat' dir='ltr'><strong>post</strong></span> <span class='ocrx_word' id='word_1_140' title='bbox 403 2046 502 2126; x_wconf 80' lang='lat' dir='ltr'><strong>Ulynis</strong></span> <span class='ocrx_word' id='word_1_141' title='bbox 529 2046 693 2108; x_wconf 83' lang='lat' dir='ltr'><strong>discessum</strong></span> <span class='ocrx_word' id='word_1_142' title='bbox 716 2046 793 2126; x_wconf 90' lang='lat' dir='ltr'><strong>apud</strong></span> <span class='ocrx_word' id='word_1_143' title='bbox 816 2064 868 2108; x_wconf 88' lang='lat' dir='ltr'><strong>eos</strong></span> <span class='ocrx_word' id='word_1_144' title='bbox 889 2047 989 2110; x_wconf 88' lang='lat' dir='ltr'><strong>habita</strong></span> <span class='ocrx_word' id='word_1_145' title='bbox 1010 2057 1057 2110; x_wconf 91' lang='lat' dir='ltr'><strong>est</strong></span> <span class='ocrx_word' id='word_1_146' title='bbox 1078 2049 1191 2133; x_wconf 85' lang='lat' dir='ltr'><strong>concio.</strong></span> <span class='ocrx_word' id='word_1_147' title='bbox 1236 2049 1339 2129; x_wconf 83' lang='lat' dir='ltr'><strong>ltaque</strong></span> <span class='ocrx_word' id='word_1_148' title='bbox 1359 2046 1493 2108; x_wconf 78' lang='lat' dir='ltr'><strong>Telema-</strong></span> 
     </span>
     <span class='ocr_line' id='line_1_19' title="bbox 215 2147 1493 2228; baseline 0 -18"><span class='ocrx_word' id='word_1_149' title='bbox 215 2149 303 2210; x_wconf 89' lang='lat' dir='ltr'><strong>chum</strong></span> <span class='ocrx_word' id='word_1_150' title='bbox 324 2148 355 2208; x_wconf 92' lang='lat' dir='ltr'><strong>in</strong></span> <span class='ocrx_word' id='word_1_151' title='bbox 377 2147 476 2228; x_wconf 91' lang='lat' dir='ltr'><strong>priore</strong></span> <span class='ocrx_word' id='word_1_152' title='bbox 497 2147 548 2208; x_wconf 95' lang='lat' dir='ltr'><strong>iiio</strong></span> <span class='ocrx_word' id='word_1_153' title='bbox 569 2147 650 2222; x_wconf 88' lang='lat' dir='ltr'><strong>loco,</strong></span> <span class='ocrx_word' id='word_1_154' title='bbox 680 2165 748 2210; x_wconf 90' lang='lat' dir='ltr'><strong>cum</strong></span> <span class='ocrx_word' id='word_1_155' title='bbox 770 2147 943 2210; x_wconf 87' lang='lat' dir='ltr'><strong>concionem</strong></span> <span class='ocrx_word' id='word_1_156' title='bbox 965 2159 1171 2226; x_wconf 83' lang='lat' dir='ltr'><strong>convocasset,</strong></span> <span class='ocrx_word' id='word_1_157' title='bbox 1195 2151 1231 2212; x_wconf 92' lang='lat' dir='ltr'><strong>de</strong></span> <span class='ocrx_word' id='word_1_158' title='bbox 1256 2150 1339 2211; x_wconf 91' lang='lat' dir='ltr'><strong>novis</strong></span> <span class='ocrx_word' id='word_1_159' title='bbox 1362 2147 1493 2211; x_wconf 87' lang='lat' dir='ltr'><strong>consiliis</strong></span> 
     </span>
     <span class='ocr_line' id='line_1_20' title="bbox 214 2248 1492 2313; baseline 0 -2"><span class='ocrx_word' id='word_1_160' title='bbox 214 2257 245 2311; x_wconf 89' lang='grc' dir='ltr'><strong>ιι</strong></span> <span class='ocrx_word' id='word_1_161' title='bbox 270 2249 419 2311; x_wconf 87' lang='lat' dir='ltr'><strong>voluntate</strong></span> <span class='ocrx_word' id='word_1_162' title='bbox 445 2267 498 2310; x_wconf 90' lang='lat' dir='ltr'><strong>sua</strong></span> <span class='ocrx_word' id='word_1_163' title='bbox 526 2248 694 2311; x_wconf 82' lang='lat' dir='ltr'><strong>mirabundi</strong></span> <span class='ocrx_word' id='word_1_164' title='bbox 722 2253 831 2312; x_wconf 87' lang='lat' dir='ltr'><strong>emnes&#39;</strong></span> <span class='ocrx_word' id='word_1_165' title='bbox 855 2249 1050 2312; x_wconf 88' lang='lat' dir='ltr'><strong>sciscitantur.</strong></span> <span class='ocrx_word' id='word_1_166' title='bbox 1095 2251 1157 2313; x_wconf 94' lang='lat' dir='ltr'><strong>lanr</strong></span> <span class='ocrx_word' id='word_1_167' title='bbox 1184 2269 1254 2312; x_wconf 86' lang='lat' dir='ltr'><strong>vero</strong></span> <span class='ocrx_word' id='word_1_168' title='bbox 1281 2251 1339 2312; x_wconf 92' lang='lat' dir='ltr'><strong>hoc</strong></span> <span class='ocrx_word' id='word_1_169' title='bbox 1367 2251 1399 2310; x_wconf 91' lang='lat' dir='ltr'><strong>in</strong></span> <span class='ocrx_word' id='word_1_170' title='bbox 1427 2251 1492 2311; x_wconf 92' lang='lat' dir='ltr'><strong>loco</strong></span> 
     </span>
     <span class='ocr_line' id='line_1_21' title="bbox 213 2341 1493 2432; baseline -0.002 -20"><span class='ocrx_word' id='word_1_171' title='bbox 213 2349 312 2412; x_wconf 90' lang='lat' dir='ltr'><strong>omnia</strong></span> <span class='ocrx_word' id='word_1_172' title='bbox 341 2349 430 2410; x_wconf 91' lang='lat' dir='ltr'><strong>aliter-</strong></span> <span class='ocrx_word' id='word_1_173' title='bbox 447 2369 479 2412; x_wconf 90' lang='lat' dir='ltr'><strong>se</strong></span> <span class='ocrx_word' id='word_1_174' title='bbox 500 2349 621 2412; x_wconf 87' lang='lat' dir='ltr'><strong>hahent.</strong></span> <span class='ocrx_word' id='word_1_175' title='bbox 661 2351 736 2412; x_wconf 91' lang='lat' dir='ltr'><strong>Nam</strong></span> <span class='ocrx_word' id='word_1_176' title='bbox 758 2351 929 2413; x_wconf 86' lang='lat' dir='ltr'><strong>ithacenses</strong></span> <span class='ocrx_word' id='word_1_177' title='bbox 951 2371 968 2412; x_wconf 90' lang='lat' dir='ltr'><strong>a</strong></span> <span class='ocrx_word' id='word_1_178' title='bbox 991 2353 1071 2413; x_wconf 91' lang='lat' dir='ltr'><strong>nullo</strong></span> <span class='ocrx_word' id='word_1_179' title='bbox 1093 2369 1241 2432; x_wconf 87' lang='lat' dir='ltr'><strong>praecone</strong></span> <span class='ocrx_word' id='word_1_180' title='bbox 1263 2341 1415 2412; x_wconf 86' lang='lat' dir='ltr'><strong>convocati</strong></span> <span class='ocrx_word' id='word_1_181' title='bbox 1438 2367 1493 2411; x_wconf 91' lang='lat' dir='ltr'><strong>sua</strong></span> 
     </span>
     <span class='ocr_line' id='line_1_22' title="bbox 214 2451 1495 2532; baseline 0.001 -20"><span class='ocrx_word' id='word_1_182' title='bbox 214 2459 320 2531; x_wconf 88' lang='lat' dir='ltr'><strong>sponte</strong></span> <span class='ocrx_word' id='word_1_183' title='bbox 348 2451 443 2532; x_wconf 90' lang='lat' dir='ltr'><strong>prima</strong></span> <span class='ocrx_word' id='word_1_184' title='bbox 471 2452 536 2514; x_wconf 93' lang='lat' dir='ltr'><strong>luce</strong></span> <span class='ocrx_word' id='word_1_185' title='bbox 563 2470 624 2514; x_wconf 88' lang='lat' dir='ltr'><strong>una</strong></span> <span class='ocrx_word' id='word_1_186' title='bbox 652 2470 719 2514; x_wconf 89' lang='lat' dir='ltr'><strong>cum</strong></span> <span class='ocrx_word' id='word_1_187' title='bbox 747 2453 845 2532; x_wconf 90' lang='lat' dir='ltr'><strong>procis</strong></span> <span class='ocrx_word' id='word_1_188' title='bbox 867 2453 899 2514; x_wconf 89' lang='lat' dir='ltr'><strong>in</strong></span> <span class='ocrx_word' id='word_1_189' title='bbox 920 2453 1018 2516; x_wconf 88' lang='lat' dir='ltr'><strong>iorum</strong></span> <span class='ocrx_word' id='word_1_190' title='bbox 1039 2461 1254 2527; x_wconf 87' lang='lat' dir='ltr'><strong>convenerunt,</strong></span> <span class='ocrx_word' id='word_1_191' title='bbox 1282 2459 1313 2513; x_wconf 90' lang='lat' dir='ltr'><strong>et</strong></span> <span class='ocrx_word' id='word_1_192' title='bbox 1335 2469 1424 2512; x_wconf 89' lang='lat' dir='ltr'><strong>nemo</strong></span> <span class='ocrx_word' id='word_1_193' title='bbox 1448 2458 1495 2513; x_wconf 90' lang='lat' dir='ltr'><strong>est</strong></span> 
     </span>
    </p>
   </div>
   <div class='ocr_carea' id='block_1_6' title="bbox 116 2551 1493 2639">
    <p class='ocr_par' dir='ltr' id='par_1_10' title="bbox 116 2551 1493 2639">
     <span class='ocr_line' id='line_1_23' title="bbox 116 2551 1493 2639; baseline -0.001 -25"><span class='ocrx_word' id='word_1_194' title='bbox 116 2627 120 2639; x_wconf 25' lang='grc' dir='ltr'><strong><em>ι</em></strong></span> <span class='ocrx_word' id='word_1_195' title='bbox 214 2552 265 2632; x_wconf 87' lang='lat' dir='ltr'><strong>qui</strong></span> <span class='ocrx_word' id='word_1_196' title='bbox 286 2551 493 2622; x_wconf 85' lang='lat' dir='ltr'><strong>Telemachum</strong></span> <span class='ocrx_word' id='word_1_197' title='bbox 516 2553 553 2614; x_wconf 93' lang='lat' dir='ltr'><strong>de</strong></span> <span class='ocrx_word' id='word_1_198' title='bbox 576 2553 688 2615; x_wconf 87' lang='lat' dir='ltr'><strong>caussis</strong></span> <span class='ocrx_word' id='word_1_199' title='bbox 710 2554 884 2633; x_wconf 88' lang='lat' dir='ltr'><strong>repentinae</strong></span> <span class='ocrx_word' id='word_1_200' title='bbox 907 2553 1058 2616; x_wconf 74' lang='lat' dir='ltr'><strong>con‘cionis</strong></span> <span class='ocrx_word' id='word_1_201' title='bbox 1079 2562 1297 2635; x_wconf 85' lang='lat' dir='ltr'><strong>percunctetur,</strong></span> <span class='ocrx_word' id='word_1_202' title='bbox 1319 2552 1350 2614; x_wconf 91' lang='lat' dir='ltr'><strong>id</strong></span> <span class='ocrx_word' id='word_1_203' title='bbox 1372 2551 1454 2632; x_wconf 91' lang='lat' dir='ltr'><strong>quod</strong></span> <span class='ocrx_word' id='word_1_204' title='bbox 1477 2569 1493 2612; x_wconf 90' lang='lat' dir='ltr'><strong>e</strong></span> 
     </span>
    </p>
   </div>
   <div class='ocr_carea' id='block_1_7' title="bbox 212 2647 1527 3244">
    <p class='ocr_par' dir='ltr' id='par_1_11' title="bbox 212 2647 1527 3244">
     <span class='ocr_line' id='line_1_24' title="bbox 213 2647 1527 2738; baseline -0.002 -22"><span class='ocrx_word' id='word_1_205' title='bbox 213 2663 274 2716; x_wconf 89' lang='lat' dir='ltr'><strong>tam</strong></span> <span class='ocrx_word' id='word_1_206' title='bbox 296 2653 450 2734; x_wconf 87' lang='lat' dir='ltr'><strong>suspensis</strong></span> <span class='ocrx_word' id='word_1_207' title='bbox 471 2653 568 2715; x_wconf 75' lang='lat' dir='ltr'><strong>serbis</strong></span> <span class='ocrx_word' id='word_1_208' title='bbox 589 2673 615 2716; x_wconf 91' lang='lat' dir='ltr'><strong>v.</strong></span> <span class='ocrx_word' id='word_1_209' title='bbox 633 2657 689 2720; x_wconf 82' lang='lat' dir='ltr'><strong>ro:</strong></span> <span class='ocrx_word' id='word_1_210' title='bbox 711 2653 766 2718; x_wconf 74' lang='lat' dir='ltr'><strong>eoi</strong></span> <span class='ocrx_word' id='word_1_211' title='bbox 788 2647 820 2718; x_wconf 78' lang='grc' dir='ltr'><strong>δ’</strong></span> <span class='ocrx_word' id='word_1_212' title='bbox 846 2652 1023 2738; x_wconf 71' lang='grc' dir='ltr'><strong><em>ἐξερέεινον</em></strong></span> <span class='ocrx_word' id='word_1_213' title='bbox 1045 2651 1175 2733; x_wconf 73' lang='grc' dir='ltr'><strong><em>ἕκαστοι,</em></strong></span> <span class='ocrx_word' id='word_1_214' title='bbox 1199 2671 1251 2718; x_wconf 83' lang='lat' dir='ltr'><strong>ma</strong></span> <span class='ocrx_word' id='word_1_215' title='bbox 1263 2655 1382 2735; x_wconf 88' lang='lat' dir='ltr'><strong>quidem</strong></span> <span class='ocrx_word' id='word_1_216' title='bbox 1397 2652 1494 2714; x_wconf 74' lang='lat' dir='ltr'><strong>iudae</strong></span> <span class='ocrx_word' id='word_1_217' title='bbox 1516 2666 1527 2683; x_wconf 56' lang='lat'>⁵</span> 
     </span>
     <span class='ocr_line' id='line_1_25' title="bbox 213 2753 1493 2836; baseline -0.003 -18"><span class='ocrx_word' id='word_1_218' title='bbox 213 2755 309 2834; x_wconf 80' lang='lat' dir='ltr'><strong>colligi</strong></span> <span class='ocrx_word' id='word_1_219' title='bbox 330 2773 392 2816; x_wconf 92' lang='lat' dir='ltr'><strong>non</strong></span> <span class='ocrx_word' id='word_1_220' title='bbox 413 2763 521 2835; x_wconf 91' lang='lat' dir='ltr'><strong>potest.</strong></span> <span class='ocrx_word' id='word_1_221' title='bbox 551 2755 654 2835; x_wconf 89' lang='lat' dir='ltr'><strong>Neque</strong></span> <span class='ocrx_word' id='word_1_222' title='bbox 675 2756 707 2817; x_wconf 93' lang='lat' dir='ltr'><strong>in</strong></span> <span class='ocrx_word' id='word_1_223' title='bbox 730 2775 764 2818; x_wconf 91' lang='lat' dir='ltr'><strong>ea</strong></span> <span class='ocrx_word' id='word_1_224' title='bbox 786 2757 972 2836; x_wconf 85' lang='lat' dir='ltr'><strong>acquiescam</strong></span> <span class='ocrx_word' id='word_1_225' title='bbox 995 2758 1192 2834; x_wconf 84' lang='lat' dir='ltr'><strong>excusatione,</strong></span> <span class='ocrx_word' id='word_1_226' title='bbox 1216 2775 1305 2836; x_wconf 90' lang='lat' dir='ltr'><strong>quam</strong></span> <span class='ocrx_word' id='word_1_227' title='bbox 1320 2753 1493 2816; x_wconf 81' lang='lat' dir='ltr'><strong>Eustathius</strong></span> 
     </span>
     <span class='ocr_line' id='line_1_26' title="bbox 212 2850 1493 2946; baseline -0.001 -28"><span class='ocrx_word' id='word_1_228' title='bbox 212 2857 326 2939; x_wconf 75' lang='lat' dir='ltr'><strong>parant</strong></span> <span class='ocrx_word' id='word_1_229' title='bbox 347 2863 466 2937; x_wconf 88' lang='lat' dir='ltr'><strong>poetae:</strong></span> <span class='ocrx_word' id='word_1_230' title='bbox 498 2850 551 2920; x_wconf 81' lang='grc' dir='ltr'><strong>ὅτι</strong></span> <span class='ocrx_word' id='word_1_231' title='bbox 571 2856 625 2920; x_wconf 82' lang='grc' dir='ltr'><strong>καὶ</strong></span> <span class='ocrx_word' id='word_1_232' title='bbox 649 2852 752 2940; x_wconf 71' lang='grc' dir='ltr'><strong><em>ἒιιιῷ</em></strong></span> <span class='ocrx_word' id='word_1_233' title='bbox 772 2853 868 2942; x_wconf 80' lang='grc' dir='ltr'><strong><em>ιόιιῳ</em></strong></span> <span class='ocrx_word' id='word_1_234' title='bbox 891 2855 997 2942; x_wconf 78' lang='grc' dir='ltr'><strong><em>τούτῳ</em></strong></span> <span class='ocrx_word' id='word_1_235' title='bbox 1020 2853 1200 2940; x_wconf 81' lang='grc' dir='ltr'><strong><em>δυνάμενος</em></strong></span> <span class='ocrx_word' id='word_1_236' title='bbox 1223 2851 1241 2920; x_wconf 84' lang='grc' dir='ltr'><em>ὃ</em></span> <span class='ocrx_word' id='word_1_237' title='bbox 1263 2850 1406 2946; x_wconf 77' lang='grc' dir='ltr'><strong><em>ποιητὴς</em></strong></span> <span class='ocrx_word' id='word_1_238' title='bbox 1427 2872 1493 2917; x_wconf 81' lang='grc' dir='ltr'><strong><em>ιιι-</em></strong></span> 
     </span>
     <span class='ocr_line' id='line_1_27' title="bbox 214 2948 1498 3042; baseline 0 -22"><span class='ocrx_word' id='word_1_239' title='bbox 214 2955 393 3042; x_wconf 76' lang='grc' dir='ltr'><strong><em>λιλογῆσαι</em></strong></span> <span class='ocrx_word' id='word_1_240' title='bbox 415 2958 631 3039; x_wconf 77' lang='grc' dir='ltr'><strong><em>παραιτεῖται</em></strong></span> <span class='ocrx_word' id='word_1_241' title='bbox 653 2948 733 3021; x_wconf 74' lang='grc' dir='ltr'><strong>αὐτὸ</strong></span> <span class='ocrx_word' id='word_1_242' title='bbox 756 2954 813 3022; x_wconf 80' lang='grc' dir='ltr'><strong>διὰ</strong></span> <span class='ocrx_word' id='word_1_243' title='bbox 833 2955 873 3022; x_wconf 78' lang='grc' dir='ltr'><strong>τὸ</strong></span> <span class='ocrx_word' id='word_1_244' title='bbox 893 2954 938 3042; x_wconf 80' lang='grc' dir='ltr'><strong>μὴ</strong></span> <span class='ocrx_word' id='word_1_245' title='bbox 960 2951 1098 3041; x_wconf 68' lang='lat' dir='ltr'><strong>sciptor.</strong></span> <span class='ocrx_word' id='word_1_246' title='bbox 1123 2951 1168 3034; x_wconf 80' lang='grc' dir='ltr'><strong>ὥς</strong></span> <span class='ocrx_word' id='word_1_247' title='bbox 1189 2955 1250 3039; x_wconf 76' lang='grc' dir='ltr'><strong>μὲν</strong></span> <span class='ocrx_word' id='word_1_248' title='bbox 1271 2953 1333 3041; x_wconf 75' lang='grc' dir='ltr'><strong>γὰρ</strong></span> <span class='ocrx_word' id='word_1_249' title='bbox 1349 2955 1383 3020; x_wconf 79' lang='grc' dir='ltr'><strong>οἱ</strong></span> <span class='ocrx_word' id='word_1_250' title='bbox 1398 2953 1498 3042; x_wconf 78' lang='grc' dir='ltr'><strong><em>φίλοι</em></strong></span> 
     </span>
     <span class='ocr_line' id='line_1_28' title="bbox 214 3048 1498 3144; baseline -0.003 -20"><span class='ocrx_word' id='word_1_251' title='bbox 214 3051 391 3142; x_wconf 73' lang='grc' dir='ltr'><strong><em>ἕξερέεινιν</em></strong></span> <span class='ocrx_word' id='word_1_252' title='bbox 419 3054 540 3122; x_wconf 72' lang='grc' dir='ltr'><strong><em>ἕκαστα</em></strong></span> <span class='ocrx_word' id='word_1_253' title='bbox 567 3056 662 3142; x_wconf 80' lang='grc' dir='ltr'><strong><em>λέγει.</em></strong></span> <span class='ocrx_word' id='word_1_254' title='bbox 693 3063 728 3124; x_wconf 80' lang='grc' dir='ltr'><strong>ιι</strong></span> <span class='ocrx_word' id='word_1_255' title='bbox 755 3059 791 3125; x_wconf 82' lang='grc' dir='ltr'><strong>δὲ</strong></span> <span class='ocrx_word' id='word_1_256' title='bbox 818 3056 905 3143; x_wconf 79' lang='grc' dir='ltr'><strong><em>πρὸς</em></strong></span> <span class='ocrx_word' id='word_1_257' title='bbox 933 3051 1053 3134; x_wconf 74' lang='grc' dir='ltr'><em>αὐτοὺς</em></span> <span class='ocrx_word' id='word_1_258' title='bbox 1082 3051 1099 3121; x_wconf 86' lang='grc' dir='ltr'><strong><em>ὅ</em></strong></span> <span class='ocrx_word' id='word_1_259' title='bbox 1125 3057 1315 3143; x_wconf 80' lang='grc' dir='ltr'><strong><em>Τηλέμαχος</em></strong></span> <span class='ocrx_word' id='word_1_260' title='bbox 1343 3053 1424 3144; x_wconf 77' lang='grc' dir='ltr'><em>ἰ’φη,</em></span> <span class='ocrx_word' id='word_1_261' title='bbox 1455 3048 1498 3120; x_wconf 67' lang='lat' dir='ltr'><strong>oti*</strong></span> 
     </span>
     <span class='ocr_line' id='line_1_29' title="bbox 214 3157 1492 3244; baseline -0.003 -20"><span class='ocrx_word' id='word_1_262' title='bbox 214 3157 310 3244; x_wconf 67' lang='lat' dir='ltr'><strong>Myer.</strong></span> <span class='ocrx_word' id='word_1_263' title='bbox 342 3159 400 3220; x_wconf 91' lang='lat' dir='ltr'><strong>Sed</strong></span> <span class='ocrx_word' id='word_1_264' title='bbox 415 3166 570 3220; x_wconf 82' lang='lat' dir='ltr'><strong>transeam</strong></span> <span class='ocrx_word' id='word_1_265' title='bbox 593 3160 631 3221; x_wconf 88' lang='lat' dir='ltr'><strong>ad</strong></span> <span class='ocrx_word' id='word_1_266' title='bbox 653 3162 775 3242; x_wconf 90' lang='lat' dir='ltr'><strong>reliqua.</strong></span> <span class='ocrx_word' id='word_1_267' title='bbox 818 3163 913 3241; x_wconf 71' lang='lat' dir='ltr'><strong>litque</strong></span> <span class='ocrx_word' id='word_1_268' title='bbox 934 3159 1128 3222; x_wconf 83' lang='lat' dir='ltr'><strong>Telemachus</strong></span> <span class='ocrx_word' id='word_1_269' title='bbox 1149 3169 1218 3241; x_wconf 90' lang='lat' dir='ltr'><strong>post</strong></span> <span class='ocrx_word' id='word_1_270' title='bbox 1232 3179 1352 3242; x_wconf 90' lang='lat' dir='ltr'><strong>parvam</strong></span> <span class='ocrx_word' id='word_1_271' title='bbox 1368 3158 1492 3233; x_wconf 83' lang='lat' dir='ltr'><strong>moram,</strong></span> 
     </span>
    </p>
   </div>
   <div class='ocr_carea' id='block_1_8' title="bbox 215 3255 1585 3340">
    <p class='ocr_par' dir='ltr' id='par_1_12' title="bbox 215 3255 1585 3340">
     <span class='ocr_line' id='line_1_30' title="bbox 215 3255 1585 3340; baseline -0.002 -17"><span class='ocrx_word' id='word_1_272' title='bbox 215 3255 282 3323; x_wconf 90' lang='lat' dir='ltr'><strong>cum</strong></span> <span class='ocrx_word' id='word_1_273' title='bbox 303 3259 420 3340; x_wconf 90' lang='lat' dir='ltr'><strong>hospite</strong></span> <span class='ocrx_word' id='word_1_274' title='bbox 442 3278 531 3339; x_wconf 90' lang='lat' dir='ltr'><strong>quem</strong></span> <span class='ocrx_word' id='word_1_275' title='bbox 546 3259 667 3326; x_wconf 88' lang='lat' dir='ltr'><strong>Piraeus</strong></span> <span class='ocrx_word' id='word_1_276' title='bbox 689 3263 802 3326; x_wconf 88' lang='lat' dir='ltr'><strong>interea</strong></span> <span class='ocrx_word' id='word_1_277' title='bbox 824 3263 855 3326; x_wconf 93' lang='lat' dir='ltr'><strong>in</strong></span> <span class='ocrx_word' id='word_1_278' title='bbox 878 3263 1051 3324; x_wconf 89' lang='lat' dir='ltr'><strong>concionem</strong></span> <span class='ocrx_word' id='word_1_279' title='bbox 1067 3263 1237 3340; x_wconf 83' lang='lat' dir='ltr'><strong>adduxerat,</strong></span> <span class='ocrx_word' id='word_1_280' title='bbox 1261 3262 1382 3325; x_wconf 89' lang='lat' dir='ltr'><strong>domum</strong></span> <span class='ocrx_word' id='word_1_281' title='bbox 1397 3278 1495 3322; x_wconf 85' lang='lat' dir='ltr'><strong>rever·</strong></span> <span class='ocrx_word' id='word_1_282' title='bbox 1581 3279 1585 3286; x_wconf 74' lang='grc'>’</span> 
     </span>
    </p>
   </div>
   <div class='ocr_carea' id='block_1_9' title="bbox 214 3361 1544 3749">
    <p class='ocr_par' dir='ltr' id='par_1_13' title="bbox 214 3361 1544 3749">
     <span class='ocr_line' id='line_1_31' title="bbox 214 3361 1500 3445; baseline -0.001 -21"><span class='ocrx_word' id='word_1_283' title='bbox 214 3361 295 3424; x_wconf 86' lang='lat' dir='ltr'><strong>titur.</strong></span> <span class='ocrx_word' id='word_1_284' title='bbox 341 3361 437 3433; x_wconf 86' lang='lat' dir='ltr'><strong>Quo</strong></span> <span class='ocrx_word' id='word_1_285' title='bbox 428 3380 459 3422; x_wconf 87' lang='grc' dir='ltr'><strong>ιι</strong></span> <span class='ocrx_word' id='word_1_286' title='bbox 481 3361 547 3424; x_wconf 90' lang='lat' dir='ltr'><strong>loco</strong></span> <span class='ocrx_word' id='word_1_287' title='bbox 569 3363 766 3445; x_wconf 82' lang='lat' dir='ltr'><strong>discrepantia</strong></span> <span class='ocrx_word' id='word_1_288' title='bbox 789 3365 935 3445; x_wconf 90' lang='lat' dir='ltr'><strong>quaedam</strong></span> <span class='ocrx_word' id='word_1_289' title='bbox 956 3365 1087 3427; x_wconf 90' lang='lat' dir='ltr'><strong>notanda</strong></span> <span class='ocrx_word' id='word_1_290' title='bbox 1110 3372 1155 3427; x_wconf 89' lang='lat' dir='ltr'><strong>est</strong></span> <span class='ocrx_word' id='word_1_291' title='bbox 1175 3362 1301 3425; x_wconf 86' lang='lat' dir='ltr'><strong>interr.</strong></span> <span class='ocrx_word' id='word_1_292' title='bbox 1319 3367 1359 3429; x_wconf 87' lang='grc'><strong>74</strong></span> <span class='ocrx_word' id='word_1_293' title='bbox 1375 3373 1440 3442; x_wconf 89' lang='grc' dir='ltr'><strong><em>ιιι.</em></strong></span> <span class='ocrx_word' id='word_1_294' title='bbox 1464 3367 1500 3424; x_wconf 86' lang='grc' dir='ltr'><strong>ιι·</strong></span> 
     </span>
     <span class='ocr_line' id='line_1_32' title="bbox 215 3460 1496 3563; baseline -0.003 -35"><span class='ocrx_word' id='word_1_295' title='bbox 215 3483 259 3540; x_wconf 86' lang='grc' dir='ltr'><strong>π,</strong></span> <span class='ocrx_word' id='word_1_296' title='bbox 277 3465 349 3528; x_wconf 76' lang='lat'><strong>327</strong></span> <span class='ocrx_word' id='word_1_297' title='bbox 393 3463 467 3524; x_wconf 89' lang='lat' dir='ltr'><strong>Nam</strong></span> <span class='ocrx_word' id='word_1_298' title='bbox 489 3463 610 3527; x_wconf 88' lang='lat' dir='ltr'><strong>Piraeus</strong></span> <span class='ocrx_word' id='word_1_299' title='bbox 639 3476 685 3528; x_wconf 91' lang='lat' dir='ltr'><strong>est</strong></span> <span class='ocrx_word' id='word_1_300' title='bbox 711 3466 789 3531; x_wconf 89' lang='lat' dir='ltr'><strong>iilius</strong></span> <span class='ocrx_word' id='word_1_301' title='bbox 812 3466 895 3548; x_wconf 76' lang='lat' dir='ltr'><strong>Clytii</strong></span> <span class='ocrx_word' id='word_1_302' title='bbox 918 3465 955 3528; x_wconf 87' lang='lat' dir='ltr'><strong>ad</strong></span> <span class='ocrx_word' id='word_1_303' title='bbox 978 3483 1067 3563; x_wconf 81' lang='lat' dir='ltr'><strong>qoem</strong></span> <span class='ocrx_word' id='word_1_304' title='bbox 1090 3467 1167 3530; x_wconf 91' lang='lat' dir='ltr'><strong>dona</strong></span> <span class='ocrx_word' id='word_1_305' title='bbox 1189 3466 1359 3552; x_wconf 85' lang='lat' dir='ltr'><strong>ithacenses</strong></span> <span class='ocrx_word' id='word_1_306' title='bbox 1382 3460 1496 3525; x_wconf 85' lang='lat' dir='ltr'><strong>detule-</strong></span> 
     </span>
     <span class='ocr_line' id='line_1_33' title="bbox 214 3553 1496 3645; baseline -0.002 -17"><span class='ocrx_word' id='word_1_307' title='bbox 214 3557 292 3628; x_wconf 81' lang='lat' dir='ltr'><strong>rant.</strong></span> <span class='ocrx_word' id='word_1_308' title='bbox 322 3565 424 3644; x_wconf 88' lang='lat' dir='ltr'><strong>ltaque</strong></span> <span class='ocrx_word' id='word_1_309' title='bbox 447 3565 517 3644; x_wconf 90' lang='lat' dir='ltr'><strong>quid</strong></span> <span class='ocrx_word' id='word_1_310' title='bbox 539 3565 594 3627; x_wconf 91' lang='lat' dir='ltr'><strong>luit</strong></span> <span class='ocrx_word' id='word_1_311' title='bbox 615 3585 746 3642; x_wconf 89' lang='lat' dir='ltr'><strong>caussae,</strong></span> <span class='ocrx_word' id='word_1_312' title='bbox 770 3585 824 3629; x_wconf 91' lang='lat' dir='ltr'><strong>cur</strong></span> <span class='ocrx_word' id='word_1_313' title='bbox 845 3568 923 3629; x_wconf 90' lang='lat' dir='ltr'><strong>dona</strong></span> <span class='ocrx_word' id='word_1_314' title='bbox 945 3553 1047 3629; x_wconf 81' lang='lat' dir='ltr'><strong>contra</strong></span> <span class='ocrx_word' id='word_1_315' title='bbox 1069 3565 1266 3628; x_wconf 83' lang='lat' dir='ltr'><strong>Telemachi</strong></span> <span class='ocrx_word' id='word_1_316' title='bbox 1259 3585 1373 3629; x_wconf 88' lang='lat' dir='ltr'><strong>russum</strong></span> <span class='ocrx_word' id='word_1_317' title='bbox 1394 3566 1426 3626; x_wconf 92' lang='lat' dir='ltr'><strong>in</strong></span> <span class='ocrx_word' id='word_1_318' title='bbox 1441 3582 1496 3645; x_wconf 90' lang='lat' dir='ltr'><strong>pa·</strong></span> 
     </span>
     <span class='ocr_line' id='line_1_34' title="bbox 214 3661 1544 3749; baseline 0.001 -19"><span class='ocrx_word' id='word_1_319' title='bbox 214 3667 268 3730; x_wconf 88' lang='lat' dir='ltr'><strong>tris</strong></span> <span class='ocrx_word' id='word_1_320' title='bbox 291 3666 411 3733; x_wconf 83' lang='lat' dir='ltr'><strong>dentum</strong></span> <span class='ocrx_word' id='word_1_321' title='bbox 433 3665 641 3729; x_wconf 78' lang='lat' dir='ltr'><strong>deferrentur?</strong></span> <span class='ocrx_word' id='word_1_322' title='bbox 683 3667 846 3749; x_wconf 89' lang='lat' dir='ltr'><strong>Displicent</strong></span> <span class='ocrx_word' id='word_1_323' title='bbox 867 3687 901 3729; x_wconf 90' lang='lat' dir='ltr'><strong>ea</strong></span> <span class='ocrx_word' id='word_1_324' title='bbox 925 3686 1059 3749; x_wconf 90' lang='lat' dir='ltr'><strong>quoque,</strong></span> <span class='ocrx_word' id='word_1_325' title='bbox 1084 3667 1190 3746; x_wconf 89' lang='lat' dir='ltr'><strong>quibus</strong></span> <span class='ocrx_word' id='word_1_326' title='bbox 1211 3677 1280 3748; x_wconf 91' lang='lat' dir='ltr'><strong>post</strong></span> <span class='ocrx_word' id='word_1_327' title='bbox 1300 3685 1417 3728; x_wconf 89' lang='lat' dir='ltr'><strong>versum</strong></span> <span class='ocrx_word' id='word_1_328' title='bbox 1439 3667 1492 3731; x_wconf 82' lang='lat'><strong>78</strong></span> <span class='ocrx_word' id='word_1_329' title='bbox 1541 3661 1544 3669; x_wconf 47' lang='lat'>⁸</span> 
     </span>
    </p>
   </div>
   <div class='ocr_carea' id='block_1_10' title="bbox 99 3763 1497 3851">
    <p class='ocr_par' dir='ltr' id='par_1_14' title="bbox 99 3763 1497 3851">
     <span class='ocr_line' id='line_1_35' title="bbox 99 3763 1497 3851; baseline -0.001 -21"><span class='ocrx_word' id='word_1_330' title='bbox 99 3790 102 3800; x_wconf 91' lang='lat'><em>·</em></span> <span class='ocrx_word' id='word_1_331' title='bbox 215 3763 350 3830; x_wconf 83' lang='lat' dir='ltr'><strong>Piraeum</strong></span> <span class='ocrx_word' id='word_1_332' title='bbox 380 3766 538 3848; x_wconf 84' lang='lat' dir='ltr'><strong>alloquitur.</strong></span> <span class='ocrx_word' id='word_1_333' title='bbox 558 3768 764 3832; x_wconf 83' lang='lat' dir='ltr'><strong>Telemachus·</strong></span> <span class='ocrx_word' id='word_1_334' title='bbox 806 3769 865 3832; x_wconf 86' lang='lat' dir='ltr'><strong>Cur</strong></span> <span class='ocrx_word' id='word_1_335' title='bbox 887 3768 966 3830; x_wconf 89' lang='lat' dir='ltr'><strong>enim</strong></span> <span class='ocrx_word' id='word_1_336' title='bbox 988 3769 1058 3830; x_wconf 91' lang='lat' dir='ltr'><strong>talia</strong></span> <span class='ocrx_word' id='word_1_337' title='bbox 1079 3767 1212 3851; x_wconf 68' lang='lat' dir='ltr'><strong>cogitata*</strong></span> <span class='ocrx_word' id='word_1_338' title='bbox 1225 3769 1288 3831; x_wconf 90' lang='lat' dir='ltr'><strong>eius</strong></span> <span class='ocrx_word' id='word_1_339' title='bbox 1311 3769 1409 3830; x_wconf 81' lang='lat' dir='ltr'><strong>animo</strong></span> <span class='ocrx_word' id='word_1_340' title='bbox 1430 3771 1497 3829; x_wconf 80' lang='grc' dir='ltr'><strong>ἰιι</strong></span> 
     </span>
    </p>
   </div>
   <div class='ocr_carea' id='block_1_11' title="bbox 198 3859 1500 4257">
    <p class='ocr_par' dir='ltr' id='par_1_15' title="bbox 198 3859 1500 4257">
     <span class='ocr_line' id='line_1_36' title="bbox 214 3859 1495 3952; baseline 0 -21"><span class='ocrx_word' id='word_1_341' title='bbox 214 3861 278 3931; x_wconf 80' lang='lat' dir='ltr'><strong>turn</strong></span> <span class='ocrx_word' id='word_1_342' title='bbox 300 3867 452 3931; x_wconf 88' lang='lat' dir='ltr'><strong>obversata</strong></span> <span class='ocrx_word' id='word_1_343' title='bbox 475 3877 553 3945; x_wconf 85' lang='lat' dir='ltr'><strong>sunt,</strong></span> <span class='ocrx_word' id='word_1_344' title='bbox 577 3869 730 3950; x_wconf 88' lang='lat' dir='ltr'><strong>cumipse</strong></span> <span class='ocrx_word' id='word_1_345' title='bbox 752 3870 829 3932; x_wconf 87' lang='lat' dir='ltr'><strong>dona</strong></span> <span class='ocrx_word' id='word_1_346' title='bbox 853 3869 1022 3952; x_wconf 78' lang='lat' dir='ltr'><strong>acciperet?</strong></span> <span class='ocrx_word' id='word_1_347' title='bbox 1064 3869 1149 3932; x_wconf 86' lang='lat' dir='ltr'><strong>Proci</strong></span> <span class='ocrx_word' id='word_1_348' title='bbox 1170 3877 1278 3947; x_wconf 88' lang='lat' dir='ltr'><strong>autem,</strong></span> <span class='ocrx_word' id='word_1_349' title='bbox 1304 3869 1392 3932; x_wconf 86' lang='lat' dir='ltr'><strong>haud&#39;</strong></span> <span class='ocrx_word' id='word_1_350' title='bbox 1406 3859 1495 3948; x_wconf 82' lang='lat' dir='ltr'><strong>longe</strong></span> 
     </span>
     <span class='ocr_line' id='line_1_37' title="bbox 198 3961 1493 4058; baseline 0.003 -28"><span class='ocrx_word' id='word_1_351' title='bbox 198 3961 376 4058; x_wconf 81' lang='lat' dir='ltr'><strong>distantes,</strong></span> <span class='ocrx_word' id='word_1_352' title='bbox 405 3977 507 4032; x_wconf 84' lang='lat' dir='ltr'><strong>no&#39;nne</strong></span> <span class='ocrx_word' id='word_1_353' title='bbox 529 3971 609 4032; x_wconf 90' lang='lat' dir='ltr'><strong>haec</strong></span> <span class='ocrx_word' id='word_1_354' title='bbox 637 3972 736 4034; x_wconf 91' lang='lat' dir='ltr'><strong>omnia</strong></span> <span class='ocrx_word' id='word_1_355' title='bbox 766 3961 875 4034; x_wconf 75' lang='lat' dir='ltr'><strong>audire</strong></span> <span class='ocrx_word' id='word_1_356' title='bbox 897 3971 1066 4035; x_wconf 81' lang='lat' dir='ltr'><strong>debebant?</strong></span> <span class='ocrx_word' id='word_1_357' title='bbox 1110 3973 1168 4034; x_wconf 89' lang='lat' dir='ltr'><strong>Sed</strong></span> <span class='ocrx_word' id='word_1_358' title='bbox 1190 3973 1264 4034; x_wconf 87' lang='lat' dir='ltr'><strong>haec</strong></span> <span class='ocrx_word' id='word_1_359' title='bbox 1284 3988 1391 4052; x_wconf 85' lang='lat' dir='ltr'><strong>urgere</strong></span> <span class='ocrx_word' id='word_1_360' title='bbox 1413 3971 1493 4034; x_wconf 90' lang='lat' dir='ltr'><strong>nolo.</strong></span> 
     </span>
     <span class='ocr_line' id='line_1_38' title="bbox 214 4063 1496 4153; baseline 0.002 -21"><span class='ocrx_word' id='word_1_361' title='bbox 214 4068 408 4134; x_wconf 86' lang='lat' dir='ltr'><strong>Telemachus</strong></span> <span class='ocrx_word' id='word_1_362' title='bbox 440 4070 554 4133; x_wconf 84' lang='lat' dir='ltr'><strong>deinde&#39;</strong></span> <span class='ocrx_word' id='word_1_363' title='bbox 570 4091 637 4134; x_wconf 90' lang='lat' dir='ltr'><strong>curn</strong></span> <span class='ocrx_word' id='word_1_364' title='bbox 658 4073 776 4153; x_wconf 91' lang='lat' dir='ltr'><strong>hospite</strong></span> <span class='ocrx_word' id='word_1_365' title='bbox 797 4073 829 4134; x_wconf 91' lang='lat' dir='ltr'><strong>in</strong></span> <span class='ocrx_word' id='word_1_366' title='bbox 850 4063 988 4136; x_wconf 89' lang='lat' dir='ltr'><strong>balneum</strong></span> <span class='ocrx_word' id='word_1_367' title='bbox 1012 4073 1174 4136; x_wconf 87' lang='lat' dir='ltr'><strong>descendit.</strong></span> <span class='ocrx_word' id='word_1_368' title='bbox 1218 4073 1320 4136; x_wconf 88' lang='lat' dir='ltr'><strong>Lautis</strong></span> <span class='ocrx_word' id='word_1_369' title='bbox 1342 4073 1378 4135; x_wconf 96' lang='lat' dir='ltr'><strong>ab</strong></span> <span class='ocrx_word' id='word_1_370' title='bbox 1401 4063 1496 4153; x_wconf 76' lang='lat' dir='ltr'><strong>Eury-</strong></span> 
     </span>
     <span class='ocr_line' id='line_1_39' title="bbox 216 4165 1500 4257; baseline 0.001 -22"><span class='ocrx_word' id='word_1_371' title='bbox 216 4171 287 4250; x_wconf 91' lang='lat' dir='ltr'><strong>ciea,</strong></span> <span class='ocrx_word' id='word_1_372' title='bbox 311 4191 489 4255; x_wconf 90' lang='lat' dir='ltr'><strong>quamquam</strong></span> <span class='ocrx_word' id='word_1_373' title='bbox 511 4171 677 4252; x_wconf 89' lang='lat' dir='ltr'><strong>prandendi</strong></span> <span class='ocrx_word' id='word_1_374' title='bbox 698 4174 771 4234; x_wconf 92' lang='lat' dir='ltr'><strong>hora</strong></span> <span class='ocrx_word' id='word_1_375' title='bbox 794 4174 926 4236; x_wconf 89' lang='lat' dir='ltr'><strong>nondum</strong></span> <span class='ocrx_word' id='word_1_376' title='bbox 949 4175 1059 4251; x_wconf 90' lang='lat' dir='ltr'><strong>aderat,</strong></span> <span class='ocrx_word' id='word_1_377' title='bbox 1083 4176 1119 4236; x_wconf 87' lang='lat' dir='ltr'><strong>ci.</strong></span> <span class='ocrx_word' id='word_1_378' title='bbox 1134 4193 1161 4236; x_wconf 86' lang='lat' dir='ltr'><strong>v.</strong></span> <span class='ocrx_word' id='word_1_379' title='bbox 1180 4177 1239 4239; x_wconf 79' lang='lat'><strong>175</strong></span> <span class='ocrx_word' id='word_1_380' title='bbox 1257 4194 1311 4256; x_wconf 77' lang='lat' dir='ltr'><strong>sq,</strong></span> <span class='ocrx_word' id='word_1_381' title='bbox 1336 4165 1500 4257; x_wconf 78' lang='lat' dir='ltr'><strong>prandium&#39;</strong></span> 
     </span>
    </p>
   </div>
   <div class='ocr_carea' id='block_1_12' title="bbox 42 4265 1495 4362">
    <p class='ocr_par' dir='ltr' id='par_1_16' title="bbox 42 4265 1495 4362">
     <span class='ocr_line' id='line_1_40' title="bbox 42 4265 1495 4362; baseline 0.002 -27"><span class='ocrx_word' id='word_1_382' title='bbox 42 4275 44 4284; x_wconf 91' lang='lat'>&#39;</span> <span class='ocrx_word' id='word_1_383' title='bbox 110 4295 114 4305; x_wconf 66' lang='grc'><strong>“</strong></span> <span class='ocrx_word' id='word_1_384' title='bbox 216 4265 384 4361; x_wconf 78' lang='lat' dir='ltr'><strong>apponitur.</strong></span> <span class='ocrx_word' id='word_1_385' title='bbox 428 4272 646 4336; x_wconf 88' lang='lat' dir='ltr'><strong>Prandentibus</strong></span> <span class='ocrx_word' id='word_1_386' title='bbox 669 4282 767 4338; x_wconf 88' lang='lat' dir='ltr'><strong>autern</strong></span> <span class='ocrx_word' id='word_1_387' title='bbox 790 4271 959 4357; x_wconf 79' lang='lat' dir='ltr'><strong>supervenit</strong></span> <span class='ocrx_word' id='word_1_388' title='bbox 980 4275 1138 4358; x_wconf 80' lang='lat' dir='ltr'><strong>Penelope,</strong></span> <span class='ocrx_word' id='word_1_389' title='bbox 1165 4293 1240 4360; x_wconf 92' lang='lat' dir='ltr'><strong>quae</strong></span> <span class='ocrx_word' id='word_1_390' title='bbox 1262 4295 1355 4362; x_wconf 90' lang='lat' dir='ltr'><strong>prope</strong></span> <span class='ocrx_word' id='word_1_391' title='bbox 1377 4285 1495 4358; x_wconf 89' lang='lat' dir='ltr'><strong>postem</strong></span> 
     </span>
    </p>
   </div>
   <div class='ocr_carea' id='block_1_13' title="bbox 216 4435 561 4450">
    <p class='ocr_par' dir='ltr' id='par_1_17' title="bbox 216 4435 561 4450">
     <span class='ocr_line' id='line_1_41' title="bbox 216 4435 561 4450; baseline -0.009 0"><span class='ocrx_word' id='word_1_392' title='bbox 216 4435 561 4450; x_wconf 52' lang='grc' dir='ltr'><strong>μ..-</strong></span> 
     </span>
    </p>
   </div>
   <div class='ocr_carea' id='block_1_14' title="bbox 139 4501 1496 4659">
    <p class='ocr_par' dir='ltr' id='par_1_18' title="bbox 139 4501 1496 4659">
     <span class='ocr_line' id='line_1_42' title="bbox 139 4501 1496 4584; baseline 0.003 -23"><span class='ocrx_word' id='word_1_393' title='bbox 139 4513 142 4516; x_wconf 83' lang='grc'><strong>’</strong></span> <span class='ocrx_word' id='word_1_394' title='bbox 216 4509 267 4562; x_wconf 86' lang='lat' dir='ltr'><strong>dod</strong></span> <span class='ocrx_word' id='word_1_395' title='bbox 278 4501 402 4561; x_wconf 54' lang='lat' dir='ltr'><strong>‘vielle&#39;icht</strong></span> <span class='ocrx_word' id='word_1_396' title='bbox 417 4503 493 4560; x_wconf 78' lang='lat' dir='ltr'><strong>laessi</strong></span> <span class='ocrx_word' id='word_1_397' title='bbox 511 4505 563 4560; x_wconf 81' lang='lat' dir='ltr'><strong>sich</strong></span> <span class='ocrx_word' id='word_1_398' title='bbox 581 4507 642 4562; x_wconf 78' lang='lat' dir='ltr'><strong>ancia</strong></span> <span class='ocrx_word' id='word_1_399' title='bbox 661 4507 741 4564; x_wconf 76' lang='lat' dir='ltr'><strong>dieser.</strong></span> <span class='ocrx_word' id='word_1_400' title='bbox 758 4509 816 4564; x_wconf 78' lang='lat' dir='ltr'><strong>thail</strong></span> <span class='ocrx_word' id='word_1_401' title='bbox 834 4512 870 4563; x_wconf 89' lang='lat' dir='ltr'><strong>als</strong></span> <span class='ocrx_word' id='word_1_402' title='bbox 887 4509 1133 4584; x_wconf 27' lang='lat' dir='ltr'><strong>onae&#39;ehtlerrseisen.</strong></span> <span class='ocrx_word' id='word_1_403' title='bbox 1160 4514 1204 4566; x_wconf 75' lang='lat' dir='ltr'><strong>liis</strong></span> <span class='ocrx_word' id='word_1_404' title='bbox 1221 4520 1296 4567; x_wconf 73' lang='lat' dir='ltr'><strong>sorta</strong></span> <span class='ocrx_word' id='word_1_405' title='bbox 1314 4513 1358 4565; x_wconf 87' lang='lat' dir='ltr'><strong>der</strong></span> <span class='ocrx_word' id='word_1_406' title='bbox 1374 4511 1496 4578; x_wconf 82' lang='lat' dir='ltr'><strong>Penelope</strong></span> 
     </span>
     <span class='ocr_line' id='line_1_43' title="bbox 216 4593 1297 4659; baseline -0.007 -14"><span class='ocrx_word' id='word_1_407' title='bbox 216 4595 350 4646; x_wconf 77' lang='lat' dir='ltr'><strong>att-st</strong></span> <span class='ocrx_word' id='word_1_408' title='bbox 369 4595 423 4644; x_wconf 85' lang='lat' dir='ltr'><strong>sind</strong></span> <span class='ocrx_word' id='word_1_409' title='bbox 440 4595 484 4645; x_wconf 87' lang='lat' dir='ltr'><strong>aul</strong></span> <span class='ocrx_word' id='word_1_410' title='bbox 496 4595 570 4659; x_wconf 84' lang='lat' dir='ltr'><strong>jeden</strong></span> <span class='ocrx_word' id='word_1_411' title='bbox 588 4595 629 4645; x_wconf 80' lang='lat' dir='ltr'><strong>leli</strong></span> <span class='ocrx_word' id='word_1_412' title='bbox 645 4593 713 4644; x_wconf 87' lang='lat' dir='ltr'><strong>nicltt</strong></span> <span class='ocrx_word' id='word_1_413' title='bbox 730 4609 775 4646; x_wconf 82' lang='grc' dir='ltr'><strong>ιιι</strong></span> <span class='ocrx_word' id='word_1_414' title='bbox 793 4597 1022 4650; x_wconf 74' lang='lat' dir='ltr'><strong>dor-homericolten</strong></span> <span class='ocrx_word' id='word_1_415' title='bbox 1039 4597 1103 4650; x_wconf 70' lang='lat' dir='ltr'><strong>neit!</strong></span> <span class='ocrx_word' id='word_1_416' title='bbox 1156 4601 1213 4638; x_wconf 62' lang='grc'><strong>.;·.</strong></span> <span class='ocrx_word' id='word_1_417' title='bbox 1293 4628 1297 4636; x_wconf 92' lang='grc'><strong><em>.</em></strong></span> 
     </span>
    </p>
   </div>
   <div class='ocr_carea' id='block_1_15' title="bbox 0 0 1666 5238">
    <p class='ocr_par' dir='ltr' id='par_1_19' title="bbox 0 0 1666 5238">
     <span class='ocr_line' id='line_1_44' title="bbox 0 0 1666 5238; baseline 0 0"><span class='ocrx_word' id='word_1_418' title='bbox 0 0 1666 5238; x_wconf 95' lang='lat' dir='ltr'><strong> </strong></span> 
     </span>
    </p>
   </div>
  </div>
 </body>
</html>
