3332 5236
223 339 252 386 vi
708 385 711 390 Ι
774 318 947 372 inanimo.

223 503 270 566 his
299 502 609 578 commentationibus,
643 521 718 583 quae
748 504 841 565 docos
868 502 1069 583 benivolisque
1096 501 1255 580 lectpnbus
1287 521 1348 564 non
1376 523 1499 585 prorsus

226 613 415 694 displiceant,
443 611 474 674 in
488 612 533 674 iis
554 613 696 693 optimam
718 613 827 693 egregii
853 613 1053 693 pracceptoiis
1083 613 1268 693 disciplinam
1295 613 1379 676 facile
1410 632 1501 693 agno-

223 731 322 798 scent,
346 723 429 784 cuius
451 724 560 783 nomen
582 721 678 801 palam
700 723 852 803 professus
868 741 980 797 essem,
1003 722 1060 783 nisi
1075 723 1151 784 iusta
1170 722 1301 786 obstaret
1313 723 1498 799 verecundia,
1562 711 1576 720 ’
1656 699 1657 710 ¹

222 834 293 914 quia
316 832 379 912 ipse
400 830 476 892 bene
499 820 634 893 conscius
656 851 738 907 snm,
760 851 808 893 me
830 851 891 893 non
913 831 950 892 ad
973 849 1040 892 enm
1061 832 1250 912 perfectionis
1271 833 1395 912 gradum
1417 841 1501 895 extu·
1548 888 1555 896 .

223 943 294 1004 iisse
316 941 464 1016 laborem,
498 940 548 1020 qni
581 959 647 1002 cnm
679 949 741 1003 tam
772 941 850 1003 claro
878 941 999 1003 nomine
1029 941 1087 1002 ullo
1116 943 1203 1004 modo
1232 943 1373 1004 committi
1394 917 1501 1024 possiti

224 1052 378 1113 Postremo
400 1050 509 1118 leviora
531 1051 675 1130 quaedam
697 1059 793 1112 errata
816 1059 845 1113 et
865 1052 972 1113 menda
994 1051 1218 1132 typographica,
1251 1071 1326 1132 quae
1354 1071 1392 1114 ne
1422 1053 1499 1115 eirca

223 1160 431 1223 vocabulorum
454 1159 578 1221 manime
600 1167 720 1221 tenores
751 1168 905 1222 versentur
932 1179 1050 1236 vereor,
1080 1169 1112 1223 ut
1139 1161 1252 1222 alienae
1283 1162 1382 1241 potius
1410 1181 1499 1244 quam

223 1288 306 1334 meae
330 1270 482 1333 socordiae
504 1268 649 1344 nibuant,
671 1288 779 1331 moneo
800 1268 926 1348 lectores
954 1278 983 1332 et
1005 1289 1067 1332 oro.
1111 1269 1146 1331 ln
1168 1289 1234 1350 pag.
1250 1273 1302 1346 27,
1335 1290 1422 1334 versu
1450 1291 1501 1334 en-

221 1389 335 1456 tremo,
358 1399 413 1461 pro
436 1377 577 1442 naturalis
599 1377 755 1457 legendnm
779 1387 824 1440 est
845 1377 970 1442 mobilis.

294 1549 435 1600 Scribebam
454 1548 555 1600 samm
573 1549 611 1598 die
630 1547 671 1598 23.
690 1561 767 1598 mens.
785 1550 843 1612 ing.

477 1633 636 1684 nncccmv.
808 1699 824 1738 Χ
