3332 5236
243 1645 446 1738 Medicorum
468 1685 599 1738 veterum
622 1693 697 1756 quae
719 1676 757 1740 ds
778 1693 866 1740 versu
886 1677 1015 1754 heroico,
1039 1699 1130 1762 quem
1153 1679 1258 1744 Graeci
1278 1690 1432 1763 praetcrea

155 1785 284 1842 mmm
306 1775 488 1857 dactylicum,
518 1776 679 1857 Pythicum,
710 1777 912 1842 hexametrum
934 1789 964 1844 ct
985 1777 1068 1860 tum
1088 1773 1158 1847 κατ’
1183 1778 1296 1866 ἐξοχὴν
1317 1791 1431 1857 vocant,

155 1879 291 1942 lemnmr
310 1886 477 1960 praecepta,
500 1895 592 1958 pauca
616 1886 686 1942 sunt
706 1897 831 1942 numero
848 1889 879 1944 et
893 1881 988 1962 exigui
1002 1883 1100 1964 pretii,
1124 1883 1265 1964 quoniam
1279 1884 1431 1946 universas

156 1987 271 2044 tanturn
297 1955 393 2045 huius
413 1978 500 2042 metri
521 1988 551 2042 et
571 1987 711 2042 externas
729 1988 764 2043 ut
784 1981 825 2044 ita
847 1981 941 2074 dicam
964 1982 1045 2064 leges
1067 1991 1213 2065 spectant,
1243 2001 1341 2066 neque
1361 2001 1431 2048 vero

154 2081 192 2144 ad
221 2099 271 2144 eas
298 2079 397 2144 salom
422 2079 597 2144 inclinandas
627 2082 814 2156 mutationes,
843 2099 917 2162 quas
944 2084 1033 2164 longo
1062 2083 1230 2148 seculonun
1258 2084 1387 2150 decursu
1413 2103 1433 2148 a

11 2194 18 2203 ·
154 2181 242 2246 variis
267 2181 588 2264 praestantissimisque
615 2181 711 2264 poetis
738 2201 861 2264 passum
888 2192 943 2248 cst.
987 2185 1065 2248 Raro
1097 2194 1251 2268 praeterea
1272 2186 1380 2250 iustam
1401 2194 1432 2250 et

153 2283 263 2348 honam
291 2283 408 2350 illamam
435 2283 533 2362 legum
561 2301 695 2346 caussam
722 2283 852 2348 reddunt
872 2293 903 2348 ct
923 2285 1077 2350 rationem.
1120 2287 1223 2368 Neque
1244 2285 1302 2350 hoo
1322 2287 1432 2352 mirum

154 2387 270 2450 adeso
290 2385 449 2466 reputanti,
477 2403 512 2446 ea
535 2403 611 2466 quae
632 2385 815 2464 grammatici
835 2393 949 2449 veteres
970 2386 1002 2450 in
1024 2405 1057 2450 re
1078 2389 1199 2452 metrica
1220 2389 1430 2470 praestiterint,

154 2503 222 2554 carm
249 2487 356 2552 studiis
377 2485 539 2550 eorundem
566 2504 635 2548 vcro
655 2486 854 2566 grammaticis
880 2486 976 2568 iisque
1004 2487 1269 2569 qurusitionihus
1298 2508 1372 2571 qum
1393 2489 1431 2552 ds

153 2589 363 2654 vocahcdonrm
396 2588 562 2668 significatu
593 2596 623 2650 et
653 2587 776 2652 historia
809 2587 964 2672 diiigenter
995 2589 1190 2668 instituerint,
1232 2591 1353 2656 omnino
1385 2591 1432 2657 rix

153 2709 244 2774 possa
266 2689 442 2769 comparari.
591 2753 596 2764 ,
1343 2709 1346 2716 ’

241 2789 361 2852 Etenim
389 2787 566 2870 paucissima
596 2786 645 2848 itta
674 2805 750 2868 quae
778 2788 815 2852 de
841 2808 929 2856 versu
954 2791 1073 2854 heroico
1096 2791 1231 2873 exposuit
1250 2789 1430 2874 Hephaestio

153 2890 379 2966 Alexandrinus,
403 2907 501 2970 neque
522 2888 558 2951 iis
581 2897 767 2969 superantur,
791 2908 867 2971 quas
888 2892 926 2956 ad
947 2891 1152 2957 illustrandam
1174 2893 1238 2956 cius
1253 2893 1431 2958 sententiam

155 3000 370 3073 congesserunt
390 2990 575 3065 scholiastae,
598 3007 696 3071 neque
717 2990 826 3054 claram
848 2992 944 3056 lucem
966 3012 1003 3058 ex
1022 2994 1150 3058 Aristide
1166 2993 1355 3070 Quintiliano,
1377 3012 1431 3058 nc·

155 3112 213 3176 qne
234 3111 272 3156 ex
283 3093 330 3178 iis
351 3091 509 3172 accipiunt,
532 3109 607 3172 quae
620 3091 739 3155 Graecis
761 3093 930 3158 auctor-ihus
950 3095 1008 3158 hoo
1028 3095 1065 3158 de
1086 3113 1119 3158 re
1133 3095 1306 3158 Latinorum
1320 3095 1432 3160 Teren·

154 3195 253 3260 tianm
267 3194 387 3256 hlourus
409 3201 439 3256 et
453 3192 611 3254 Diomedes
632 3191 864 3273 disputaverunt
894 3195 933 3259 Et
954 3197 1122 3278 spernenda
1144 3194 1262 3276 quidem
1284 3215 1346 3258 nou
1360 3205 1431 3260 sunt

154 3315 199 3373 ea,
221 3315 297 3378 quac
319 3295 351 3358 in
372 3293 518 3358 Eustachii
540 3293 758 3356 commentariis
780 3299 811 3358 et
831 3297 951 3360 scholiis
972 3297 1005 3360 in
1026 3296 1147 3362 iliadem
1168 3297 1286 3360 Venetis
1308 3297 1356 3360 hic
1370 3297 1431 3360 illio

153 3411 258 3478 sparsa
279 3394 421 3470 invenias,
444 3405 544 3458 tamen
566 3394 711 3457 eiusmodi
733 3403 776 3470 ut,
797 3395 843 3458 val
864 3397 895 3459 in
916 3417 1009 3462 unum
1031 3397 1169 3462 omnihus
1189 3397 1237 3462 his
1252 3398 1344 3480 copiis
1359 3417 1432 3464 con·

155 3497 255 3578 gnsh's,
276 3495 322 3558 vir
344 3495 400 3558 alia
422 3495 565 3571 invenias,
589 3513 678 3576 quam
701 3513 777 3576 quse
799 3515 871 3578 prae
892 3499 1090 3564 recentiorum
1112 3517 1203 3582 super
1223 3500 1281 3572 han
1300 3518 1333 3562 re
1349 3499 1431 3563 laho-

154 3596 236 3660 rihus
258 3595 343 3664 exilia
364 3597 519 3662 videantur
539 3615 663 3660 necesse
684 3596 732 3660 sit.

239 3699 315 3762 Nam
336 3717 453 3760 versum
475 3698 627 3760 heroicum
648 3705 776 3760 metrum
798 3717 865 3763 esse
889 3698 1030 3764 discimus
1051 3719 1192 3764 senorum
1206 3701 1316 3783 pedum
1331 3701 1432 3783 dacty-

26 3835 31 3848 ·
154 3799 253 3872 huam,
283 3817 338 3880 por
365 3799 559 3880 monopodias
587 3797 768 3873 distinctum,
797 3799 997 3864 catalecticum
1026 3802 1056 3864 in
1078 3801 1261 3883 hisyllabum,
1291 3803 1323 3866 in
1345 3804 1429 3866 cuius

154 3899 286 3982 quinque
314 3899 462 3980 prioribus
490 3899 616 3980 pedibus
638 3901 764 3983 spondei
786 3919 853 3962 cum
876 3899 997 3981 dactylis
1018 3903 1155 3966 alternari
1177 3911 1318 3984 possunt:
1346 3903 1430 3966 acsi

155 4019 257 4064 versus
279 4002 403 4064 emeris
425 4009 541 4064 constat
562 4001 699 4082 damyhs,
722 3998 805 4076 ἔπος
827 3992 1045 4066 ὁλοδὼιτυλον
1061 3999 1327 4087 simondensis,
1350 4003 1430 4066 siue

154 4102 244 4165 meris
267 4101 409 4183 spondeis
431 4099 513 4178 istoc
535 4094 774 4168 ὅλοσπόνδειον
794 4101 973 4165 nominatur.
1003 4103 1027 4164 li
1041 4121 1152 4180 versus,
1175 4104 1205 4166 in
1222 4103 1328 4185 quihus
1341 4103 1429 4167 hiuos

155 4201 284 4284 demptos
311 4202 373 4266 hini
401 4202 551 4284 excipiunt
577 4202 711 4284 spondei,
745 4207 853 4285 στίχοι
879 4200 1094 4268 κατενόπλιοι
1120 4213 1270 4268 vocantur.
1314 4203 1428 4285 Singuli

157 4303 262 4385 dactyli
289 4303 413 4384 singulis
440 4303 620 4366 alternantes
648 4305 788 4386 spondeis
815 4307 916 4388 στίχῳ
938 4303 1119 4388 scapcodcsp'i
1151 4323 1262 4368 nomen
1284 4305 1430 4368 dederunt

155 4413 244 4486 atque
265 4421 301 4468 ea
322 4404 451 4486 denique
471 4423 609 4468 vemuum
631 4406 735 4480 torma,
758 4424 794 4468 ex
815 4423 873 4487 qua
895 4404 991 4487 primo
1013 4414 1043 4469 et
1064 4406 1166 4470 ullium
1188 4407 1219 4470 in
1240 4407 1318 4488 pede
1339 4425 1430 4488 spon-

153 4505 202 4568 dei
222 4506 370 4586 lagontun
393 4505 538 4588 Sapphico
561 4504 677 4568 dicitur.
708 4505 747 4572 ttt
767 4506 966 4587 holodaotylos
989 4505 1108 4586 quidem
1128 4525 1240 4582 versus,
1264 4506 1343 4570 uncle
1358 4505 1430 4569 alte·

152 4623 220 4670 rum
241 4625 360 4689 quoqne
382 4623 492 4668 nomen
513 4602 704 4692 npdmcsu‘v
727 4616 887 4683 uexerunt,
909 4625 970 4670 non
992 4607 1092 4672 minus
1107 4625 1196 4690 quam
1209 4607 1432 4690 holospondeos
1558 4595 1564 4600 ’

1189 4707 1227 4761 μ
