3332 5236
778 359 818 420 41

315 534 364 618 ὥς
383 531 424 604 d'·
439 533 498 604 ὅτι
516 542 570 617 τίς
590 561 628 605 το
648 535 811 624 δράκοντα
832 537 912 606 ίιίιλν
934 538 1138 626 παλίνορσος
1160 533 1288 629 dativa
1384 544 1388 552 '

314 637 430 726 οὔρους
451 637 487 706 ἐν
507 637 642 726 βήσσῃς.
671 635 741 706 ὑπό
762 665 801 707 τε
819 639 942 727 τρόμος
964 639 1081 728 ἔλλαβε
1101 651 1187 727 roim
1220 641 1222 648 ’
1292 688 1295 696 1

316 734 416 827 ὕοντ’
440 734 653 828 ἀνεχώρησεν.
684 730 790 828 ὦχρός
809 745 846 807 τί
866 735 1015 826 μινέἶλο
1036 741 1189 836 παρειάς.

160 853 233 930 past
250 842 387 930 βήσσῃς,
405 850 500 928 yolo,
523 837 727 930 ἀνεχώρησεν
748 845 890 926 septima,
912 853 1014 908 contm
1036 855 1105 926 post
1125 844 1268 930 παρειάς
1290 857 1371 912 sexta
1392 850 1439 914 iu·

160 947 331 1029 supuda
356 945 454 1008 locam
476 945 612 1009 tenebat.
657 945 765 1009 Octava
788 945 915 1026 deniqne
937 955 1023 1022 nota,
1055 939 1283 1034 ὖποόιαστολὴ
1306 955 1347 1032 (p.
1365 937 1454 1029 785,

163 1052 217 1127 10)
246 1049 298 1110 de*
312 1065 369 1128 qua
390 1065 421 1127 p.
437 1049 509 1121 tor,
525 1047 567 1112 23
595 1047 720 1110 obscure
747 1048 821 1110 haec
842 1047 1014 1110 traduntur:
1043 1043 1299 1116 διαλλάσσειδλ
1319 1051 1437 1136 στιγμὴ

161 1147 342 1234 δωστολῆς
364 1148 455 1226 (baud
477 1165 545 1210 raro
567 1149 790 1212 confunduntur
811 1167 828 1210 a
849 1149 1046 1230 grammaticis
1068 1147 1227 1238 διαστολή
1250 1162 1281 1216 et
1295 1145 1438 1219 sinodoc-

163 1245 282 1335 στολὴ,
311 1267 382 1312 uam
409 1249 542 1332 proprie·
557 1247 715 1334 διαστολὴ
738 1250 810 1312 illud
832 1259 892 1325 est,
925 1251 1081 1330 quod-nos
1102 1252 1133 1314 in
1155 1254 1326 1317 universnm
1347 1257 1440 1319 inter*

161 1353 353 1434 pmodonnn
367 1355 534 1429 somnust·
549 1345 569 1436 ἡ
583 1348 721 1436 μὲνγὰρ
736 1348 854 1436 στιγμὴ
865 1347 908 1415 τὰ
916 1348 1089 1434 πνεύματα
1101 1351 1275 1438 διίστησιν,
1286 1349 1306 1440 ἡ
1319 1350 1437 1440 δὲὶᾶμα

162 1459 237 1529 τοῖς
257 1449 424 1534 πνεύμασι
439 1451 494 1516 καλ
508 1448 568 1529 τὰς
583 1450 741 1530 διανοίας,
759 1487 798 1499 -
814 1453 981 1534 ponebatur
993 1454 1025 1518 in
1039 1455 1177 1534 periodis·-
1186 1457 1320 1534 inversis,
1342 1459 1437 1524 velntr

380 1548 480 1621 ἄλλοι
499 1573 537 1618 το
560 1553 681 1636 Τρῶας.
710 1555 794 1636 μίγα
815 1577 868 1618 κον
889 1547 1081 1637 κεχαροίατο
1103 1557 1213 1641 dvpp',
1342 1570 1347 1610 ἱ

164 1651 312 1720 muido
333 1656 469 1720 τίθιται
488 1647 509 1737 ἡ
529 1647 775 1739 ὑποδιαστολὴ,
805 1651 1001 1748 ἐπιφέρονται
1021 1653 1083 1740 γὰρ
1104 1654 1145 1719 τὸ
1166 1655 1197 1722 εί
1218 1659 1345 1744 σφῶιν,
1367 1659 1438 1728 1ιιολ

164 1763 261 1822 ποιοί
286 1747 572 1842 ἆντοστρσμμίιην
600 1752 659 1841 τὴν
686 1753 853 1838 περίοδον.
889 1749 909 1840 ἡ
937 1753 999 1840 γὰρ
1028 1748 1115 1842 ὀρθὴ
1143 1757 1299 1843 περίοδος
1320 1747 1377 1845 ἢν·
1409 1759 1439 1830 ιλ

164 1857 276 1942 σφῶιν
296 1853 380 1922 τάδε
398 1855 510 1923 πάντα
531 1861 703 1922 πυθοίατο
724 1844 745 1942 ἦ
767 1879 821 1922 κον
842 1853 991 1942 γηθήσαι
1011 1861 1175 1942 Πρίαμος.
1429 1879 1432 1886 ’

229 1951 400 2022 'hamanus
426 1959 464 2022 da
485 1960 640 2022 Nicanoris
666 1959 847 2042 praeceptis,
878 1959 985 2039 quibus
1006 1961 1094 2040 plena
1116 1971 1186 2024 sunt
1207 1963 1320 2029 scholia
1339 1964 1440 2035 Iliadis

164 2059 284 2137 Vm,
306 2070 337 2126 et
358 2077 472 2140 qrracffa
495 2061 607 2124 zonara
629 2069 806 2141 repetuntur
825 2061 856 2122 in
878 2060 981 2122 lexico.
1026 2061 1084 2124 Sed
1108 2063 1176 2143 quia
1202 2064 1354 2130 subtiliora
1376 2068 1440 2130 nra-

163 2173 354 2243 rentaeque
376 2163 593 2224 aocmumodata
617 2161 653 2224 ad
675 2163 826 2225 metricam
849 2162 959 2224 heroici
980 2183 1082 2225 versus
1105 2175 1249 2241 naturam,
1271 2184 1441 2248 parumne·

80 2271 86 2278 '
165 2263 254 2344 liquis
286 2263 484 2343 grammaticis
514 2263 660 2344 placuisse
687 2264 837 2337 videntur,
872 2257 921 2344 q'ui
949 2264 980 2325 in
1009 2266 1139 2346 antiquo,
1156 2285 1214 2329 usn
1235 2270 1437 2349 perstiterunt

166 2364 275 2427 Saltem
303 2364 477 2426 theodorus
505 2364 581 2427 Gaza
614 2365 645 2426 in
673 2383 795 2446 gramm.
818 2383 850 2444 p·
866 2367 923 2428 701
961 2365 1007 2426 ed.
1030 2366 1118 2429 Basil.
1147 2377 1207 2430 tres
1235 2373 1438 2434 tantummodo
1471 2367 1473 2372 ’

165 2463 297 2546 Dionysii
319 2473 404 2526 notas
425 2474 645 2540 commemorat,
668 2484 765 2547 neque
787 2466 871 2527 aliter
892 2466 1043 2541 Lascavis,
1075 2468 1221 2547 siquidem
1243 2489 1278 2531 ea
1300 2471 1439 2547 intellexi,

167 2585 243 2646 qnae
264 2566 545 2638 Buttrnannus·hac
571 2568 608 2629 de
629 2585 663 2628 re
684 2567 716 2628 in
738 2567 926 2647 grammatica
949 2567 1090 2648 ampliore
1113 2570 1241 2632 tradidit.
1284 2571 1379 2652 Atque
1401 2573 1439 2635 ad

166 2667 288 2746 antiqua
308 2666 357 2728 illa
379 2667 509 2748 Dionysii
530 2677 687 2749 praecepta
708 2668 740 2728 in
761 2675 915 2747 poetarum
937 2668 1200 2729 Alexandrinorum
1221 2671 1400 2736 carminibus
1422 2693 1440 2736 a

168 2765 256 2829 nobis
277 2785 392 2848 proque
413 2769 684 2850 interpungendum
705 2776 759 2829 est
801 2767 939 2828 Deleatur
959 2767 1058 2846 itaque
1080 2769 1235 2830 innumera
1262 2771 1439 2852 virgularum

167 2867 333 2940 multitudo,
349 2943 352 2950 ,
366 2869 472 2950 quibus
495 2869 690 2932 Callimachus
711 2869 856 2950 imprimis
878 2869 1022 2944 abundat,
1053 2878 1261 2933 removeantur
1282 2871 1366 2952 signa
1386 2893 1441 2955 pa·
1541 2937 1544 2944 ,

166 2971 357 3043 rentheseos,
386 2971 620 3047 exclamationis,
653 2970 900 3050 interrogationis.
946 2971 1062 3033 Etenim
1089 2972 1146 3035 hoc
1168 2993 1286 3054 quoque
1308 2973 1345 3036 ab
1366 2975 1440 3039 lloo

168 3071 286 3134 demum
315 3072 466 3136 inventum
494 3081 554 3149 est,
583 3073 715 3153 ignotum
736 3091 805 3134 vero
827 3071 953 3134 librariis
976 3081 1005 3134 et
1026 3075 1237 3152 grammaticis,
1267 3085 1296 3139 et
1316 3097 1441 3159 prorsus

167 3173 279 3248 inutile,
302 3193 369 3236 oum
390 3173 421 3236 in
443 3173 543 3254 lingua
565 3174 675 3236 Graeca
697 3193 792 3254 paene
815 3175 912 3235 omnia
935 3173 1085 3236 enuntiata
1107 3175 1312 3256 interrogativa
1335 3199 1351 3240 a
1371 3199 1442 3261 pvo-

168 3275 338 3338 nominibus
360 3283 411 3337 aut
427 3274 582 3355 particulis
603 3275 816 3354 interrogativis
838 3275 988 3355 incipiant.
1014 3274 1164 3337 ·llemotis
1186 3286 1283 3340 autem
1308 3279 1356 3341 his
1376 3291 1443 3344 oru-

168 3375 266 3451 nibus,
288 3384 321 3438 ut
342 3357 400 3458 pai
419 3384 474 3445 est.
498 3376 585 3438 etiam
607 3384 712 3456 poetae
734 3376 920 3438 Alexandrini
942 3377 973 3437 in
995 3377 1223 3456 interpungendi
1245 3379 1358 3442 ratione
1373 3401 1439 3444 cum

168 3477 274 3540 Nonno
296 3477 481 3541 conveniant
855 3543 857 3551 ,

252 3579 372 3641 Accedit
400 3577 456 3640 alia
479 3587 606 3640 veterum
629 3579 886 3660 grammaticorum
909 3579 971 3652 lex,
1001 3571 1055 3643 ὅτι
1075 3573 1094 3665 ἧ
1118 3572 1339 3669 ἆπόστροφος
1359 3580 1439 3660 ἑνοῖ,

170 3681 253 3742 maius
280 3688 430 3742 auctorem
451 3679 644 3760 Porphyrium
673 3681 810 3742 exhibent
836 3679 988 3741 Villoisoni
1010 3681 1265 3758 succollant.
1299 3685 1335 3744 cl.
1358 3683 1392 3744 B.
1407 3685 1441 3747 λ.

173 3785 253 3846 1140
268 3799 345 3862 sqq,
378 3781 579 3842 llerodianum
606 3801 676 3844 vero
704 3799 863 3862 agnoscere
890 3781 1005 3842 videtur
1031 3780 1172 3845 Priscian.
1195 3783 1232 3843 ll.
1255 3787 1284 3860 ὅ.
1301 3785 1337 3858 3,
1366 3803 1442 3862 quae

170 3883 234 3946 sine
257 3882 346 3944 dubio
368 3900 404 3944 eo
426 3882 501 3944 valet
522 3891 556 3943 ut
576 3891 645 3962 post
666 3900 700 3942 ea
722 3881 860 3946 vocabula
884 3900 1009 3960 quorum
1031 3882 1133 3944 ultima
1154 3881 1262 3944 vocalis
1276 3866 1331 3962 per
1344 3883 1443 3945 elisio-

129 4047 135 4057 ,
171 4001 239 4045 nam
261 3983 374 4045 sublata
396 3992 450 4056 est,
474 3981 585 4045 nullum
608 4001 739 4060 unquam
762 3981 992 4060 interpunctioni
1014 3983 1110 4043 locum
1126 3982 1332 4045 concedamus.
1355 3983 1441 4056 Quod

170 4084 229 4146 nisi
249 4101 349 4146 varum
371 4092 452 4146 esset
473 4103 511 4144 ne
532 4083 589 4144 hoc
611 4082 729 4163 quidem
750 4081 872 4162 intelligi
892 4089 1009 4163 posset,
1043 4084 1191 4162 quomodo
1212 4090 1325 4148 veteres
1346 4104 1444 4166 gram·

170 4185 267 4248 rnatici
294 4182 430 4266 θλίψιν,
444 4227 448 4238 ·
462 4184 501 4246 ita
535 4184 615 4245 enim
643 4183 684 4246 illi
712 4183 864 4246 elisionem
891 4192 1006 4258 vocant,
1039 4201 1107 4246 cum
1134 4185 1284 4265 synaeresi
1305 4194 1335 4248 et
1356 4187 1442 4262 crasi,

170 4295 319 4367 nmquam
347 4286 443 4348 varias
471 4285 587 4367 species
615 4285 651 4349 ad
679 4304 772 4347 unum
794 4281 999 4369 συναλοιφῆς
1019 4303 1113 4365 genus
1134 4287 1245 4350 referre
1267 4287 1442 4369 potuissent,

170 4405 228 4468 qua
250 4387 287 4448 de
309 4405 342 4449 re
364 4387 464 4450 multis
486 4387 517 4449 in
538 4387 611 4449 locis
633 4387 716 4448 multi
738 4385 842 4448 eadem
863 4385 1057 4448 tradiderunt.
1090 4387 1170 4450 Bene
1192 4387 1247 4450 hac
1270 4389 1306 4452 de
1328 4409 1360 4451 re
1384 4391 1444 4452 dis·

171 4489 283 4569 putavit
304 4489 339 4550 ll.
363 4488 543 4551 Schmidtius
565 4487 747 4561 Sedinensis,
772 4489 813 4550 tir
835 4489 948 4562 doctus,
977 4489 1007 4550 in
1030 4489 1184 4552 lluetzellii
1206 4489 1330 4571 Ephem.
1353 4491 1400 4567 lv,
1413 4493 1444 4558 8.

170 4579 200 4670 13.
217 4593 278 4656 aaa
302 4599 331 4652 α
354 4591 422 4652 oum
446 4589 475 4650 n
500 4589 636 4651 Seeooon
659 4588 728 4650 uror.
751 4589 814 4652 erit.
838 4609 922 4666 nova,
944 4589 967 4652 1.
989 4610 1019 4671 p.
1036 4593 1108 4657 asa.
