3332 5236
777 357 815 421 dl

153 549 203 618 rs,
218 545 271 609 ιι.
293 539 401 627 nllus
423 539 475 618 ou
496 541 529 604 ιι.
545 561 580 619 κ,
597 545 669 608 nro
699 541 806 621 uasa,
823 544 898 608 sna.
925 543 1020 625 apuu.
1036 541 1132 604 anon.
1150 541 1202 618 ιιι,
1218 545 1313 608 roos.
1349 536 1433 608 acea

149 641 412 729 xoelm'i'hooor.
428 643 486 717 212]
497 646 527 708 8.
572 643 615 706 ul.
639 645 790 707 Schaelcm
817 645 851 706 in
878 645 946 708 add.
976 645 1013 707 ad
1039 643 1131 706 Nuclt.
1152 643 1431 726 Gitooril.'p.2ll¹il.'

152 746 244 834 ριςις
265 745 391 821 ,τινας
410 743 485 808 urm
505 743 569 806 nac.
585 745 692 826 surg.
705 747 743 808 n.
760 745 811 818 ru,
829 749 879 810 ιι.
917 745 960 808 cr.
984 745 1016 806 ιι.
1038 747 1131 822 λετ
1153 731 1279 821 πόλεις
1300 743 1434 831 νύμφας

153 847 263 914 onum
279 849 310 910 Ιι.
326 848 411 910 illan.
427 850 479 911 42.
507 846 653 910 λόίεοιιιν
675 849 707 909 in
729 868 785 925 εις,
810 869 845 912 εν
866 865 921 928 pro
943 867 1008 926 εις,
1024 863 1116 923 asco,
1140 867 1175 911 εν
1196 848 1262 908 iam
1277 849 1356 928 apud
1378 865 1434 910 ane
1490 923 1494 932 ¹

151 935 294 1032 donicum
316 949 417 1030 epicos
437 949 517 1010 haud
539 966 633 1029 pauca
654 959 756 1012 extum
776 967 916 1024 numero,
937 957 1063 1030 propter
1083 949 1239 1029 antiquam
1258 948 1434 1014 amnitmem

153 1062 185 1116 et
210 1051 414 1119 mnlusioncm
430 1050 683 1114 dominationum
706 1071 754 1126 εις
775 1061 805 1113 et
825 1072 873 1136 ιγς.
910 1051 961 1120 ,ot
985 1051 1146 1115 llernann.
1169 1058 1200 1112 et
1220 1051 1315 1131 Vigor.
1329 1069 1363 1113 ιι.
1378 1054 1435 1116 dir
1479 1041 1484 1048 ’

151 1153 325 1232 ΒοιιιΙιττόχ
351 1152 390 1213 in·
404 1151 524 1232 Dionys.
546 1151 658 1231 Por-leg.
681 1171 712 1232 p.
727 1157 800 1218 504.
846 1151 972 1224 Plurima
1002 1152 1135 1232 exempla
1155 1152 1248 1215 habet
1267 1151 1430 1219 Nicandera

152 1247 326 1340 ἀγριόεντσ
353 1249 475 1337 κρόόην
494 1248 583 1316 ntea.
599 1257 672 1319 ot7.
711 1251 889 1340 αλδρήεντα
918 1249 1016 1338 rodda
1044 1255 1125 1315 ΑΙει.
1142 1254 1233 1318 415.ι
1252 1251 1433 1336 μορόεντος

152 1354 265 1441 ἐλαίης
290 1355 370 1416 Alen.
387 1357 460 1419 455.
498 1350 656 1420 δολόεντα
684 1348 788 1440 ὁρμήν
816 1356 896 1418 Alex.
917 1359 992 1421 473.
1028 1351 1219 1438 τροχόεντες
1246 1352 1433 1440 σμώδιγγες

151 1459 233 1520 Alex.
248 1459 321 1522 ast.
355 1451 521 1540 βρωμήεις
542 1457 640 1530 adua,
664 1475 725 1518 nen
747 1456 859 1532 adnue,
882 1459 962 1520 Alex.
977 1460 1050 1522 485.
1087 1453 1271 1540 ψολόεντος
1294 1452 1429 1542 ἐχίδνης,

153 1561 273 1624 &ntum
295 1577 312 1620 a
335 1556 436 1620 scholi.
460 1558 566 1637 Odyss.
589 1565 619 1620 et
641 1558 742 1638 Steph.
758 1558 879 1638 Byzant.
904 1577 927 1622 s.
944 1577 969 1624 ι.
989 1551 1194 1643 Ἐπίδαυρος.
1230 1555 1341 1624 ἰόεντα
1362 1557 1433 1623 θά-

153 1659 280 1726 λασσαν
293 1659 374 1722 ΑΙειι.
393 1663 463 1723 171.
486 1655 684 1743 πετρήεντσς
698 1656 875 1743 θαλάσσης
890 1660 969 1740 Alea.
988 1663 1059 1726 390.
1083 1657 1253 1744 ἐρευθήεις
1268 1659 1433 1743 novam&

151 1764 238 1825 Ther.
256 1765 328 1828 899.
372 1761 468 1822 Etiam
497 1761 527 1821 in
555 1761 661 1840 plurali
681 1779 815 1824 mumoro
844 1783 892 1837 εις
918 1770 1079 1842 σεσιρεῑιιι
1100 1779 1156 1842 pro
1178 1779 1289 1839 εσσαι,
1320 1781 1429 1838 εσσας.

154 1865 254 1946 ltaque
275 1864 306 1925 in
330 1863 435 1944 Georg.
451 1862 487 1923 ir.
505 1861 540 1935 Π,
556 1864 613 1925 26:

335 1992 560 2081 σπερματικήν
580 1993 716 2072 κάλυκες
736 1993 881 2082 κεφαλὴν
903 1994 989 2082 γόνῳ
1011 1991 1233 2077 ἀντέλλουσα,

334 2091 464 2182 ἀργήεις
485 2094 672 2176 πετάλοισι,
695 2095 800 2182 κρόκῳ
821 2101 908 2179 μέσα
929 2103 1183 2203 χροιισθεῖσαι

151 2235 183 2297 in
205 2236 298 2298 iorma
320 2225 466 2319 ἀργήεις,
491 2255 544 2316 pro
567 2256 625 2317 qua
647 2235 783 2298 facillime
806 2225 943 2320 ἀργήτες
966 2235 1110 2310 conicias,
1143 2237 1179 2298 cl.
1202 2235 1225 2297 l.
1242 2235 1285 2297 ΙΙ.
1301 2235 1430 2298 Lobeclt.

152 2337 182 2398 in
211 2337 427 2400 Schneidewini
455 2337 559 2401 Philol.
581 2335 642 2413 Vll,
662 2341 688 2412 1,
711 2355 742 2418 p.
758 2339 831 2410 207,
869 2335 941 2400 nihil
968 2338 1144 2400 mutandum
1172 2356 1238 2398 esse
1266 2337 1431 2400 Meinelsins

152 2439 290 2512 ostendit,
313 2439 483 2500 Exercitatt.
499 2439 530 2499 in
545 2440 650 2500 Athen.
666 2438 689 2513 Ι,
706 2442 753 2502 16.
777 2439 852 2499 Νιιιι
874 2429 1007 2523 ἀργήεις
1028 2439 1106 2500 idem
1130 2447 1175 2500 est
1197 2439 1276 2517 quod
1292 2432 1431 2522 ἀργήισ-

151 2560 218 2617 σαι,
242 2541 321 2600 velnt
342 2539 373 2602 in
394 2540 457 2601 Nio.
473 2540 553 2601 Alex.
569 2543 647 2604 266:
672 2531 852 2620 ἀμπελόεις
875 2537 984 2615 ἕλικας
1006 2549 1035 2601 et
1057 2559 1082 2600 v.
1099 2541 1178 2604 293:
1201 2536 1321 2615 ττόσιες
1343 2561 1431 2623 φαρ-

150 2636 287 2723 μακόεις
316 2648 346 2702 ct
373 2641 405 2702 in
425 2641 568 2703 Matronis
596 2639 724 2720 denique
747 2641 911 2720 fragmento
934 2641 1013 2721 apud
1032 2641 1138 2702 Athen.
1155 2640 1200 2718 lV,
1220 2643 1291 2705 135.
1328 2659 1353 2700 ι.
1372 2643 1429 2706 78:

151 2738 265 2820 κίχλας
292 2731 490 2824 ὑψιπετήεις
517 2743 640 2822 legitur,
674 2741 758 2822 quasi
787 2741 862 2802 haec
890 2741 989 2803 omnia
1018 2741 1055 2802 ab
1077 2741 1226 2803 adiectivis
1248 2732 1428 2827 ἀμπελοής,

150 2834 356 2926 ἀψιττετήης,
386 2833 505 2930 ἀργήης
534 2845 656 2906 formata
686 2853 795 2905 essent
839 2843 977 2906 Fortasse
1000 2843 1088 2904 ctiam
1110 2843 1249 2910 Manetho
1272 2861 1326 2923 pro
1349 2835 1430 2925 ἀγα-

149 2941 260 3030 κληεϊς
282 2943 361 3024 quod
382 2945 470 3008 hodie
492 2943 571 3026 apud
594 2965 662 3008 cum
683 2944 798 3026 legitur,
822 2937 994 3030 ἀγακλήεις
1016 2946 1079 3025 ipse
1101 2944 1269 3026 scripserat.

159 3145 168 3158 ,
237 3079 381 3142 llom'smis
414 3090 512 3144 autem
546 3082 623 3164 apud
653 3081 834 3144 Nicandrum
867 3063 1009 3162 ‘subiungi
1037 3089 1164 3160 possunt
1192 3080 1250 3142 duo
1278 3067 1430 3155 vocabula,

151 3197 277 3260 quorum
299 3181 423 3245 altemm
446 3182 591 3246 Siceliotis
612 3182 762 3250 vindicant
783 3183 973 3262 grammatici,
998 3174 1150 3262 ἀχόνετος
1171 3179 1251 3244 Alex.
1271 3186 1340 3245 174.
1386 3181 1431 3244 Cf.

151 3281 253 3343 scholi.
269 3283 305 3343 ad
328 3283 358 3344 Ιι.
373 3283 393 3344 Ι.
410 3283 506 3364 Etym.
522 3283 562 3346 Μ.
577 3303 600 3346 s.
617 3303 643 3345 r.
667 3283 776 3346 Scholl.
793 3283 886 3364 Apoll.
903 3283 997 3345 Rhod.
1014 3283 1064 3357 ΙΙΙ,
1080 3285 1153 3356 530,
1177 3283 1300 3345 alterum
1317 3279 1430 3368 φλόζω

150 3401 205 3464 pro
228 3379 323 3468 φλόω
345 3385 424 3448 Alex.
441 3387 514 3460 214,
537 3385 724 3460 ltaliotarum
740 3385 867 3465 glossam
891 3383 1055 3465 agnoscunt
1077 3383 1198 3446 scholia.
1242 3383 1339 3446 Etiam
1356 3386 1431 3445 λεσ-

150 3483 237 3560 lismi,
260 3485 410 3547 Aetolismi
432 3487 540 3568 aliique
562 3487 703 3548 idiotismi
727 3486 918 3548 inveniuntur
939 3485 1017 3568 apud
1039 3486 1229 3549 Nicandrum.
1274 3486 1348 3548 Nam
1370 3479 1431 3567 ἀρ-

149 3582 262 3670 γεννός
283 3605 338 3668 pro
360 3577 468 3672 ἀργός,
493 3580 633 3674 ἀργήεις,
669 3588 791 3670 petitum
814 3607 850 3650 cx
872 3587 904 3650 ΙΙ.
919 3609 947 3671 γ,
967 3591 1024 3653 141
1061 3579 1240 3668 'quamquam
1262 3605 1300 3648 ne
1323 3587 1359 3648 ab
1381 3589 1432 3648 nt·

150 3685 216 3749 licis
239 3687 358 3767 quidem
380 3690 574 3770 scriptoribus
602 3691 730 3752 alienum
753 3699 814 3764 est,
843 3689 984 3751 aeolicum
1009 3709 1075 3750 esse
1096 3689 1217 3751 tradunt
1238 3685 1429 3768 grammatici.

150 3783 271 3871 λίτρον,
295 3791 374 3851 Alex.
391 3793 464 3856 337.
481 3793 553 3867 632,
576 3791 729 3867 aeolicum,
753 3794 863 3874 νίτρον
886 3791 1015 3852 atticum.
1041 3785 1135 3870 όθμα
1150 3790 1228 3850 λΙει.
1246 3791 1317 3851 243.
1340 3785 1428 3848 Ther.

152 3889 224 3953 178.
241 3893 319 3968 443,
350 3891 492 3954 aeolicum
522 3900 567 3955 est
589 3893 752 3954 secundum
774 3891 951 3972 Hesychium
975 3910 1030 3970 pro
1053 3884 1152 3972 ἀμμα.
1197 3889 1241 3950 De
1265 3877 1378 3963 όόελός
1401 3895 1431 3950 et

150 3985 255 4072 ῥέθος
281 3992 339 4054 iam
367 4012 456 4074 supra
484 3994 625 4074 exposui,
654 3993 729 4056 sicut
751 3993 788 4054 de
810 3991 932 4053 aetolico
955 3987 1073 4072 θρόνα.
1119 3989 1215 4051 Etiam
1237 3981 1430 4073 ἀσόρνιεζος

150 4089 238 4154 lucr.
254 4095 332 4170 284,
362 4095 518 4158 aetolicum
547 4104 607 4170 cst,
638 4115 697 4175 quo
725 4095 790 4157 loco
819 4091 945 4156 Solimi:
976 4088 1130 4155 Αἰτωλοὶ
1151 4085 1209 4155 τὸν
1230 4081 1352 4155 ἀπτιον
1373 4091 1429 4156 καΙ

151 4189 241 4258 λεῖον
274 4187 469 4281 ὖνιάρπεζόν
500 4216 594 4282 φασι.
640 4197 732 4259 Porro
760 4192 840 4282 ροτή
870 4193 949 4257 Alex.
972 4197 1050 4268 307,
1070 4191 1254 4256 -rocabulum
1283 4191 1431 4276 Pelopon-

149 4296 301 4358 nesiacum
332 4317 389 4378 pro
420 4295 700 4383 σείιεῑοαήγανον
722 4316 788 4360 esse
817 4297 951 4360 traditur.
990 4296 1033 4359 cl.
1054 4294 1191 4358 Valcken.
1207 4295 1330 4358 Theoer.
1352 4295 1430 4356 Ado·

148 4394 224 4458 niaz.
243 4399 317 4487 220.
361 4399 495 4480 Denique
524 4394 608 4465 ὤεον
630 4399 709 4480 quod
730 4399 836 4462 Aratus
858 4397 949 4460 habet
976 4406 1006 4461 et
1032 4417 1121 4478 saepe
1142 4397 1305 4472 Nicander,
1334 4395 1433 4458 rarior

149 4505 180 4558 st
206 4497 358 4563 dialectica
379 4500 472 4563 lomna
495 4521 551 4583 pro
574 4495 654 4565 ὤιον
677 4509 731 4578 est,
765 4502 802 4564 ol.
823 4521 899 4582 quos
922 4519 988 4563 cum
1012 4499 1099 4582 llryco
1120 4499 1248 4564 laudarit
1268 4497 1374 4560 Athen.
1392 4495 1428 4574 ll,

148 4600 202 4664 57.
223 4599 257 4663 F.
274 4619 319 4684 sq.
