3320 5238
830 361 872 424 86

215 539 328 611 manda
359 547 398 611 sit
425 567 442 609 a
465 543 587 610 diversis
618 545 787 610 auctoribus
818 546 982 627 prolectas,
1016 543 1053 606 ad
1082 533 1232 625 liquidnm
1248 545 1415 626 perderem
1433 557 1513 664 non·

217 667 351 732 ροοεαιο.
395 649 455 712 Sed
475 647 627 731 probabile
648 667 711 711 non
730 647 855 710 ddetnr.
1502 671 1505 679 ·

369 1247 371 1254 Ψ
521 1095 524 1104 ’
567 1113 765 1206 claun
797 1113 1149 1206 SECUNDUM.

471 1285 555 1404 *DE
578 1285 839 1350 RilAPSODIA
860 1285 1037 1350 DECIMA
1060 1285 1216 1349 SEXTA.

305 1457 340 1520 ln
368 1453 449 1518 libro·
473 1455 587 1518 decimo
616 1466 698 1518 sexto
726 1455 805 1520 redit
831 1456 962 1519 narratio
990 1457 1027 1518 ad
1056 1458 1147 1518 llnem
1174 1455 1241 1518 libri
1263 1456 1368 1518 decim*
1391 1458 1500 1538 quarti

217 1559 295 1622 Nam
316 1556 508 1620 Telemachus
538 1559 708 1638 supervenit
728 1557 803 1619 Ulixi
833 1567 863 1622 et
884 1559 1015 1619 Eumaeo
1044 1575 1135 1637 super
1161 1557 1287 1637 prandio
1316 1559 1500 1636 sedentibus.

219 1663 346 1747 A'oocpta
374 1659 547 1738 redditaque
575 1659 684 1733 salute,
713 1659 824 1740 hospes
854 1660 891 1721 ab
913 1660 1044 1721 Eumaeo
1066 1659 1242 1720 Telemacho
1264 1661 1500 1722 commendatur.

219 1763 249 1824 Is
272 1769 370 1824 autem
392 1759 467 1822 Ulixi
489 1777 576 1839 quem
598 1759 630 1820 in
654 1779 708 1822 sua
730 1761 828 1836 domo,
850 1762 960 1822 veritus
982 1769 1016 1822 ut
1037 1779 1054 1821 a
1075 1779 1233 1840 procorum
1255 1761 1412 1823 insolentia
1428 1762 1502 1824 satis

219 1871 301 1926 totus
324 1861 371 1936 sit,
395 1861 529 1940 excipere
551 1860 679 1931 nolebat,
702 1862 847 1942 promittit
868 1863 964 1942 ampla
988 1863 1075 1936 dona,
1098 1881 1190 1942 seque
1205 1863 1351 1942 hospitem
1367 1879 1504 1942 quoeun-

220 1982 279 2044 que
306 1963 377 2024 velit
403 1961 605 2040 delegaturum
633 1941 700 2023 e’sse
727 1962 890 2043 pollicetur.
934 1963 1000 2024 Non
1029 1963 1138 2025 haereo
1167 1964 1197 2025 in
1220 1965 1311 2026 nimia
1332 1963 1507 2026 Telemachi

221 2062 394 2125 liberalitate
416 2079 485 2142 erga
507 2063 640 2142 ignotum
661 2065 839 2152 mendicum,
862 2065 914 2126 sed
937 2064 1029 2126 miror
1051 2065 1130 2144 quod
1153 2065 1216 2126 eius
1239 2067 1402 2128 discessum
1418 2083 1511 2126 oom·.

105 2241 108 2250 y
222 2173 376 2238 memorat,
398 2163 515 2225 nescius
536 2171 653 2235 tamen,
676 2164 800 2228 velletne
822 2165 940 2227 Ithacae
961 2167 1072 2244 hospes
1093 2184 1248 2227 remanere
1269 2185 1380 2228 necne:
1398 2166 1501 2228 ‘miror

222 2264 311 2328 eliam
333 2263 412 2346 quod
434 2283 539 2326 navem
561 2265 718 2346 peregrino
740 2265 885 2346 promittit
905 2265 947 2340 is,
981 2267 1031 2345 qui
1055 2266 1110 2326 sibi
1132 2267 1196 2345 ipse
1218 2267 1250 2327 in
1271 2268 1408 2328 seeundo
1425 2267 1514 2328 libnoe

223 2367 287 2430 sine
310 2368 457 2429 Minervae
479 2365 585 2428 auxilio
608 2366 718 2428 nullam
740 2385 843 2428 narem
866 2385 971 2447 parare
993 2375 1118 2445 poterat,
1141 2375 1228 2446 atque
1251 2367 1316 2427 sine
1330 2367 1397 2427 navi
1412 2387 1506 2428 mmo

222 2469 319 2552 potuit
340 2469 438 2532 lthaca
461 2468 605 2548 delegari:
629 2486 739 2548 easque
760 2457 799 2528 ob
820 2486 952 2541 caussas,
975 2486 1000 2528 v.
1018 2469 1074 2532 81:

428 2566 556 2654 πέμψω
580 2561 612 2633 δ’
638 2563 734 2654 ὅππῃ
757 2591 814 2651 μιν
836 2565 952 2652 κραδίη
974 2563 1086 2648 θυμός
1105 2589 1143 2632 τε
1164 2563 1289 2632 κελεύει
1355 2596 1367 2622 ··
1433 2572 1437 2585 ‘

222 2669 296 2730 mihi
322 2670 438 2734 videtur
466 2672 616 2733 eiciendus
643 2691 723 2735 esse.
768 2671 877 2734 Contra
912 2660 1087 2750 sequentem
1113 2689 1184 2731 vero
1211 2669 1412 2732 narrationem
1438 2685 1513 2732 non·

223 2771 319 2833 habeo
347 2791 423 2853 quae
445 2773 602 2852 proferam.
647 2772 703 2834 Ubi
725 2775 756 2834 in
778 2791 886 2852 procos
909 2791 1006 2833 sermo
1029 2771 1141 2845 incidit,
1164 2771 1263 2832 Ulixes
1284 2771 1512 2835 Nesousvero

223 2871 270 2933 bis
293 2877 313 2934 ε’
331 2893 360 2956 y,
376 2877 545 2936 arn-215
568 2871 709 2950 repetitis,
733 2875 849 2951 quaerit
870 2891 886 2932 e
903 2872 1088 2946 Telemacho,
1101 2881 1210 2934 *utrum
1230 2873 1307 2934 torte
1322 2881 1444 2955 propter
1458 2874 1513 2934 in·-

225 2975 344 3035 lensum
365 2971 469 3054 populi
490 2973 600 3046 odium,
624 2989 662 3032 an
685 2972 876 3034 domesticam
899 2991 965 3034 cum
981 2973 1121 3033 iratribus
1136 2971 1323 3046 discordiam,
1346 2991 1513 3052 prncorunr

225 3074 413 3136 insolentiam
435 3074 512 3134 serre
534 3081 652 3134 coactus
675 3073 722 3135 sit.
766 3073 938 3152 Respondet
957 3073 1167 3134 Telemachus:

395 3167 471 3238 οὕτε
491 3176 525 3237 τί
545 3194 607 3256 μοι
626 3175 695 3252 πᾶς
717 3173 820 3260 δῆμος
842 3166 1074 3256 ἀπεχθόμενος
1092 3169 1297 3254 χαλεπαίνει,

368 3270 698 3360 αὐτοκασιγνήτοις
720 3272 963 3373 ἐπιμεμφομαι,
988 3267 1122 3358 οἷσίσίπερ
1145 3269 1233 3396 ’ἀνὴρ

393 3374 634 3460 μαρναμένοισι
654 3366 807 3442 πέποιθε
827 3375 881 3440 καὶ
905 3373 935 3441 εἰ
955 3372 1038 3459 μέγα
1060 3385 1168 3452 νεῖκος
1189 3368 1317 3463 ὄρηται.
1377 3404 1380 3410 ’

227 3489 259 3542 et
278 3479 385 3542 iisdem
415 3477 547 3542 versibus
575 3496 649 3560 quos
671 3502 709 3559 α,
725 3483 891 3545 als-251
917 3477 1033 3540 blentae
1054 3479 1175 3552 dixerat,
1199 3480 1236 3540 de
1257 3479 1382 3558 ingente
1392 3497 1514 3562 proco·

217 3597 295 3667 yrum
323 3595 448 3643 numero
475 3589 507 3642 et
536 3581 694 3648 insolentia
722 3581 864 3661 queritur.
908 3579 1022 3640 Deinde
1044 3579 1208 3641 Eumaeum
1229 3585 1357 3642 matrem
1375 3581 1415 3642 de
1436 3599 1538 3662 prop

228 3693 317 3764 spero
339 3702 396 3745 suo
415 3682 513 3744 reditu
534 3683 616 3745 iubet
637 3682 791 3744 certiorem
812 3682 919 3756 lacere,
942 3681 981 3742 ita
997 3687 1097 3740 minen
1111 3689 1145 3742 ut
1158 3679 1417 3760 reliquisilollaeis
1429 3698 1512 3760 nine

129 3855 131 3860 ,
228 3787 303 3848 llum
329 3783 507 3848 dissimulet
552 3783 712 3855 Quaerenti
739 3779 825 3857 rere,
841 3793 955 3844 'nonne
983 3781 1092 3844 misero
1122 3798 1243 3863 quoque
1268 3783 1367 3845 liaertl
1395 3783 1510 3846 tanim

230 3888 367 3950 nuntium
390 3886 495 3948 afferre
519 3884 633 3960 debeat,
656 3883 839 3964 obloquitur:
893 3891 896 3900 '
1391 3909 1394 3914 ·

405 3981 530 4070 ἄλγιον,
554 3977 624 4051 dlt'
647 3983 756 4071 ‘a'panqc
777 4006 836 4068 μιν
858 3981 1008 4068 ἐάσομεν,
1032 3977 1207 4069 ἀχνύμενοί
1226 3986 1300 4070 περ.
1330 4010 1344 4033 ·¹
1372 4012 1376 4023 ·

406 4085 437 4152 el
457 4085 518 4171 γάρ
541 4107 616 4164 πως
637 4084 687 4173 ἐίη
711 4079 893 4205 αὐτάγρετα
913 4085 1025 4150 πάντα
1046 4092 1254 4210 p‘lpeooiuoe,3

407 4185 542 4272 πρῶτόν
563 4211 617 4254 κεν
638 4183 698 4252 τοῦ
719 4183 848 4270 πατρὸς
870 4184 1034 4268 ἑλοίμεθα
1055 4184 1212 4269 νόστιμον
1227 4175 1331 4272 ἦμαρ.

8 4275 9 4312 ³
112 4293 114 4298 ’
230 4287 348 4352 Primus
373 4305 478 4351 versus
505 4289 582 4352 bene
609 4307 642 4352 se
670 4287 776 4363 habet,
805 4289 858 4351 sed
880 4287 951 4368 quid
973 4296 1132 4368 sequentes
1154 4289 1213 4350 duo
1235 4289 1291 4350 sibi
1311 4287 1422 4364 velint,
1445 4298 1514 4350 non

231 4407 385 4471 assequor,
407 4389 539 4470 mihique
559 4391 644 4453 raldo
665 4389 794 4470 suspecti
816 4397 895 4452 sunt.

241 4535 244 4545 -
318 4491 468 4554 Eumaeus
499 4491 551 4554 ubi
572 4492 648 4553 viam
668 4492 822 4570 ingressus
844 4501 903 4565 est,
933 4490 1037 4572 incipit
1058 4483 1310 4576 ἇναγμισρισμὸς
1324 4483 1515 4568 Ὀδυσσέως

229 4587 301 4660 ὑπὸ
325 4588 526 4681 Ίρλεμάχου.
569 4588 672 4672 ltaque
693 4589 808 4667 illisos,
836 4593 924 4655 domo
953 4599 1090 4658 evocatus
1111 4612 1128 4656 a
1150 4593 1279 4658 llinerra
1296 4594 1332 4656 in
1351 4590 1514 4673 pristinam
