3320 5238
781 339 821 406 85

696 419 899 436 m...-

155 533 273 592 murs
293 531 476 606 amtntmm,
496 523 542 588 'ab
558 519 670 588 Helena
692 523 821 606 daniam
842 523 993 592 amicum
1023 525 1190 606 tetigitur
1210 545 1236 590 ν.
1245 529 1315 594 tbi
1337 521 1450 596 reram:

159 633 220 695 115
243 643 367 709 prorsus
387 635 542 707 repugnat,
566 634 616 688 aut
636 627 766 688 narratio
787 625 980 707 vituperanda
1002 634 1048 690 est
1067 642 1173 706 parum
1195 638 1336 698 accurata
1351 629 1437 696 ideo·

156 749 216 814 que
237 747 343 811 parum
364 727 531 810 Homerica,
553 727 622 807 quia
644 727 806 790 Homerum
827 728 872 790 vel
893 728 925 790 in
946 727 1079 790 minutiis
1101 728 1302 792 descrihendis
1318 749 1434 794 summa

157 829 306 911 diligentia
335 836 483 891 versatum
510 847 577 892 esse
606 829 727 892 scimus.
766 829 884 893 Deinde
910 830 1074 892 nomadum
1096 837 1142 892 cst
1163 828 1295 916 σπουδῇ
1316 849 1343 892 ν.
1359 834 1433 908 209,

157 933 195 996 cl.
217 932 322 994 Lehrs.
337 931 424 994 anst
447 950 477 1013 p.
497 933 567 1007 122,
588 922 749 1016 ὑπέρβιος
769 948 795 992 ν.
811 933 884 1005 212,
907 948 976 992 nam
992 930 1140 1011 quomodo
1155 932 1326 994 Pisistratus
1341 931 1434 1013 patris

156 1035 290 1098 ammum
311 1025 471 1116 ὖπέρβιον
492 1049 597 1093 vocare
618 1030 739 1113 potest?
781 1031 888 1093 Mirum
909 1039 955 1092 est
976 1032 1151 1113 sacrificinm
1173 1033 1320 1096 Minervae
1335 1032 1433 1115 parari

156 1133 371 1200 aTelemacho
397 1143 456 1197 tam
487 1131 572 1194 anaia
599 1133 773 1208 festinante,
799 1149 869 1193 non
887 1131 1067 1194 libationem.
1111 1133 1155 1196 Ea
1176 1153 1245 1196 vero
1268 1153 1343 1215 quae
1364 1141 1435 1215 post
1535 1199 1547 1214 κ

157 1257 184 1300 r.
200 1241 262 1302 225
292 1235 426 1316 sequitur
457 1234 587 1303 narratio
615 1233 652 1298 de
671 1233 856 1316 Melampode
885 1233 959 1298 adeo
982 1235 1104 1299 conium
1126 1243 1172 1298 est
1194 1243 1223 1297 et
1244 1235 1432 1312 inconcinna,

155 1347 190 1402 ut
210 1339 275 1402 sine
297 1337 383 1399 docto
404 1335 684 1416 mythographorum
707 1344 848 1416 apparatu
871 1335 1000 1414 intellegi
1022 1354 1082 1397 non
1097 1337 1200 1416 possit.
1231 1335 1362 1398 Odendit
1376 1353 1433 1398 nos

155 1459 183 1502 r.
198 1440 277 1514 288,
303 1437 338 1502 isa
364 1437 638 1518 qno'Telemachus
666 1436 737 1500 dicit
765 1435 878 1504 ‘Ulixes
900 1446 985 1516 pater
1006 1455 1091 1500 meus
1112 1446 1173 1513 est,
1201 1437 1347 1518 siquidem
1370 1445 1434 1500 crat

154 1539 309 1622 uaquam',
332 1540 412 1620 quod
433 1539 480 1600 vix
501 1537 665 1619 comparari
686 1545 784 1618 potest
805 1556 872 1602 cum
885 1538 1017 1602 Nestoris
1039 1537 1088 1601 illo
1103 1539 1182 1602 dicto
1195 1539 1227 1601 in
1242 1540 1276 1602 11.
1290 1545 1341 1618 A,
1351 1541 1431 1606 ’7622

156 1637 204 1720 ὣς
223 1639 287 1720 ica,
311 1638 344 1706 δι’
362 1633 438 1705 arev'
464 1636 518 1704 ’έον
539 1659 583 1722 ya,
606 1629 675 1720 μετ’
700 1630 867 1722 ἀνδράσιν.
911 1639 1014 1719 Neque
1034 1640 1129 1720 magis
1150 1640 1289 1720 intellego
1311 1661 1337 1704 v.
1351 1644 1445 1718 28οιΙ

360 1735 400 1806 οὗ
420 1740 482 1825 μὲν
504 1735 543 1824 δή
565 1731 594 1804 c'
618 1736 781 1805 ἐθέλοντά
801 1731 828 1823 y'
853 1731 982 1806 ἀπώσω
1007 1735 1084 1824 νηὸς
1105 1736 1206 1828 ἐίσης.
1367 1715 1378 1746 ⁸

156 1845 265 1927 lfflero
290 1845 328 1906 de
356 1841 463 1923 quibus
489 1842 610 1914 nudem
632 1841 737 1904 insulis
758 1861 856 1904 sermo
878 1842 917 1904 sit
937 1842 968 1904 in
991 1862 1017 1904 r.
1033 1844 1112 1918 298,
1140 1843 1198 1905 nisi
1221 1841 1287 1923 quis
1310 1843 1432 1912 Samum

156 1955 187 2010 (t
208 1945 448 2008 cimumiacentes
470 1943 599 2022 intellegi
621 1943 747 2006 coniciet
768 1962 785 2008 e
807 1963 832 2008 v.
848 1945 900 2020 29,
923 1929 1122 2026 quemnemo
1143 1944 1297 2025 hucusque
1319 1963 1434 2010 memo-

155 2049 200 2112 ria
221 2065 339 2110 serrare
358 2053 465 2128 potest.

169 2171 173 2181 ·
241 2147 329 2210 Pluaa
349 2165 418 2210 vero
440 2155 469 2209 et
491 2147 602 2208 maiora
624 2145 732 2228 quihus
752 2143 938 2210 offendamur
959 2154 1107 2208 extremae
1127 2146 1267 2210 carminis
1288 2147 1364 2228 parti
1385 2145 1434 2208 in·

120 2259 122 2266 ⁴
154 2257 238 2326 aaut,
258 2249 358 2312 'uidea
372 2249 479 2314 resae.
500 2246 632 2310 Primum
645 2247 726 2310 euim
740 2247 907 2310 Telemachi
930 2246 1027 2322 verha,
1048 2266 1075 2309 r.
1092 2251 1154 2314 503
1177 2249 1326 2320 adsocies
1342 2250 1429 2323 iacta,

153 2370 259 2434 marm
281 2365 347 2414 cum
369 2349 407 2413 iis
427 2347 616 2423 conveniunt,
638 2367 715 2428 quae
729 2349 858 2412 Minerva
873 2367 899 2410 r.
916 2351 956 2414 86
971 2349 1069 2430 ipsum
1084 2351 1186 2412 iacere·
1196 2350 1331 2412 iusserat
1356 2349 1451 2412 Nam¹

53 2447 60 2452 ’
157 2453 285 2516 debebat
304 2450 497 2513 Telemachus
525 2459 642 2514 noctem
668 2449 748 2529 apud
770 2449 933 2514 Eumaeum
955 2468 1097 2530 peragere
1119 2459 1149 2513 ct
1169 2459 1288 2530 postero
1311 2451 1431 2518 demum

156 2555 204 2616 die
225 2551 395 2631 Penelopen
423 2550 565 2614 adrentus
594 2550 641 2612 sui
662 2551 819 2614 certiorem
840 2551 947 2614 lacera.
992 2551 1052 2614 Cur
1071 2561 1170 2616 autem
1191 2551 1240 2616 hic
1261 2552 1430 2632 vespertino

152 2665 289 2734 tmpore
310 2659 414 2714 contm
436 2650 508 2712 deae
529 2659 720 2730 praecaptum
741 2670 774 2714 se
794 2651 827 2714 ia
850 2651 953 2716 urbem
975 2653 1109 2714 conieria
1131 2652 1296 2727 constitnit,
1327 2661 1360 2716 ut
1382 2671 1432 2714 so·

154 2754 213 2818 aiis
232 2769 323 2815 coena
344 2751 443 2832 parari
463 2749 578 2831 possiti
600 2751 639 2816 Et
659 2761 758 2816 umen
773 2761 876 2833 postea
891 2753 994 2816 mutati
1009 2753 1123 2816 consilii
1138 2771 1261 2832 prorsus
1274 2753 1434 2816 immemor

153 2863 210 2920 est.
254 2853 341 2919 lohet
365 2860 464 2917 satan
490 2853 522 2916 in
543 2871 570 2916 r.
585 2856 649 2918 520
670 2854 818 2933 hospitem
840 2855 1058 2936 Eurymachum
1079 2854 1178 2929 adire,
1206 2849 1333 2920 πολλὸν
1355 2848 1442 2937 iios-1

153 2975 236 3023 asor
256 2950 370 3038 ἄνδρα,
393 2967 571 3035 quamquam
593 2971 683 3018 nemo
704 2953 761 3034 ipsi
776 2957 869 3036 raagis
883 2957 1018 3020 intensus
1032 2964 1105 3032 erat,
1127 2956 1313 3036 eundemque
1327 2973 1354 3018 r.
1367 2957 1430 3021 539

154 3058 249 3122 Piraei
276 3055 406 3138 hospitio
435 3055 636 3130 commendat,
666 3057 761 3118 donec
781 3057 847 3136 ipse
868 3057 905 3120 ab
927 3057 1059 3122 umam
1079 3058 1199 3120 rediret.
1243 3058 1341 3130 Quam
1359 3073 1430 3122 vero

153 3161 194 3224 oh
215 3177 350 3222 massam
371 3156 529 3222 consilium
550 3165 609 3220 um
632 3163 756 3236 repente
777 3155 921 3223 mutavit?
942 3157 1034 3223 Porro
1055 3157 1128 3224 mihi
1145 3159 1428 3233 comsummetur,

155 3261 236 3343 quod
249 3259 444 3323 Telemachus
463 3257 496 3320 in
516 3275 543 3317 v.
560 3260 621 3322 547
637 3257 745 3324 iterum
758 3275 864 3324 navem
878 3258 1059 3334 conscendit,
1082 3259 1175 3324 miror
1187 3260 1302 3335 saitem
1325 3258 1430 3341 quidni

153 3361 205 3426 uhi
226 3358 545 3444 primumdcscondit,
577 3359 676 3422 omnia
697 3358 809 3438 pararit
829 3357 937 3424 itineri.
982 3359 1118 3425 Ceterum
1138 3359 1331 3426 Telemachus
1353 3357 1453 3424 nun-'

153 3481 244 3546 mam
269 3463 301 3526 is
323 3460 462 3534 Graecia,
496 3477 675 3540 quamquam
697 3459 815 3539 saepius
837 3459 901 3522 eius
923 3475 1004 3529 arma
1025 3468 1056 3524 ot
1075 3461 1200 3526 amictm
1221 3471 1357 3528 accurate
1378 3463 1429 3530 de·

133 3563 339 3642 ,scibam
365 3562 499 3626 hasmtus
520 3561 662 3641 procedit
707 3559 870 3641 Displicent
891 3561 1037 3643 assiqua,
1059 3579 1135 3641 quae
1156 3571 1244 3644 poeta
1263 3583 1290 3628 r.
1306 3567 1369 3630 557
1391 3563 1430 3626 ds

154 3665 286 3730 uaso
308 3663 388 3740 dicit,
410 3654 583 3730 ἀνάκτεσιν
603 3655 692 3747 ἤπια
712 3658 817 3739 εἰδώς.
851 3661 909 3736 Qui
930 3664 1011 3728 enim
1032 3671 1102 3728 sunt
1123 3657 1280 3741 domme
1307 3665 1431 3730 Praeter

155 3763 537 3830 timenutensium
560 3775 639 3828 carte
661 3764 748 3828 auam
774 3764 866 3844 proci.
909 3765 1021 3832 uorum
1042 3783 1113 3828 vero
1134 3765 1310 3832 acerrimum
1329 3764 1432 3830 initui·

152 3887 222 3932 cum
244 3867 393 3930 Eumaeus
415 3885 448 3928 se
469 3883 588 3944 semper
608 3863 787 3925 exhibuerat

239 3967 298 4030 Sed
318 3975 353 4029 ut
368 3963 581 4046 disputationis
602 3981 747 4028 summam
769 3961 871 4042 paucis
893 3963 1159 4042 comprehendam,
1188 3965 1347 4046 rhapsodia
1370 3987 1388 4030 o
1411 3985 1429 4030 e

155 4069 272 4132 duabus
293 4066 429 4148 partibus
449 4063 525 4128 miiu'
550 4072 688 4128 constare
715 4063 840 4129 ridetur.
883 4061 979 4129 hilara
1009 4065 1140 4130 metiret
1161 4083 1280 4133 carmen
1310 4068 1347 4132 de
1373 4069 1431 4132 Te-

151 4167 279 4232 lemachi
307 4165 407 4230 reditu
431 4165 468 4230 in
491 4164 638 4240 ithacam,
666 4183 725 4246 mio
753 4164 884 4228 narratio
911 4164 979 4229 hhri
1000 4166 1106 4234 deuna
1128 4169 1207 4236 tertii
1227 4169 1427 4235 continuatur.

151 4270 257 4334 aare
269 4265 452 4348 ceilmubmr
472 4266 552 4330 iuter
572 4265 675 4330 Ulixen
698 4273 728 4334 et
747 4265 921 4342 idumaeum,
954 4285 971 4328 e
998 4267 1157 4349 rhapsodia
1178 4268 1198 4349 ξ
1223 4271 1284 4336 huc
1302 4273 1432 4338 trasrsia·⁹

114 4397 121 4407 ¹
153 4380 217 4434 tum
240 4367 278 4432 ab
299 4385 345 4443 eo,
367 4368 418 4447 qui
440 4385 457 4430 e
479 4367 602 4448 singulis
624 4365 803 4434 carminibus
825 4369 999 4448 epopoeian
1020 4371 1194 4452 composuit.
1223 4372 1291 4453 Ipsa
1306 4393 1375 4437 vero
1390 4373 1431 4438 da

150 4471 332 4550 Teleonoho
352 4467 493 4542 serram,
515 4487 591 4550 quae
613 4485 684 4533 coro
701 4467 784 4542 abac,
806 4475 868 4534 bru
889 4469 920 4534 in
944 4471 1003 4537 bue
1025 4471 1166 4552 piosaco
1181 4473 1428 4550 mendolaborat,

155 4591 227 4636 omn
255 4581 379 4656 propter
406 4571 711 4652 anonomastos
727 4571 937 4652 repugnantias
957 4572 1117 4644 asom-tn
1140 4575 1214 4662 duas
1235 4581 1336 4662 partes
1357 4575 1434 4642 duis
