3320 5238
156 1920 160 1931 '
247 1886 329 1981 Cum
340 1913 543 1979 innovissimo
557 1913 805 1978 commentatione
820 1911 859 1978 de
873 1923 1047 1996 argumento
1061 1913 1263 1998 posteriorum
1278 1915 1432 2000 Odysseae

148 2017 373 2102 rbapsodiansm
385 2015 603 2100 disputaverim,
627 2033 753 2099 quarum
767 2033 942 2098 compagem
955 2013 987 2078 in
1004 2015 1163 2102 singrrluria
1179 2017 1311 2082 earmina
1325 2017 1434 2082 dissol-

149 2131 218 2184 rere
245 2127 369 2183 uenatus
396 2137 479 2196 sum,
507 2123 541 2184 ut
562 2105 634 2200 quid
655 2118 782 2181 seorsim
803 2117 873 2180 olim
895 2117 1047 2196 extitisset,
1078 2119 1149 2200 quid
1171 2119 1240 2182 nori
1262 2119 1299 2182 ab
1322 2137 1358 2182 eo
1380 2114 1432 2204 qul

144 2219 286 2302 dispersa
308 2229 338 2284 et
359 2221 474 2302 singula
494 2219 526 2284 in
547 2239 642 2284 unum
656 2217 770 2300 redegit
784 2227 864 2283 esset
878 2217 1020 2296 additum,
1044 2219 1115 2302 quid
1131 2220 1259 2304 denique
1275 2239 1292 2283 a
1306 2220 1435 2304 rbapso·

151 2319 257 2386 dorum
284 2321 394 2386 sobolis
422 2331 502 2386 esset
527 2319 752 2404 interpolatum,
782 2339 818 2384 ex
843 2339 911 2384 mea
933 2321 1081 2384 sententia
1106 2321 1341 2403 intellegeretur:
1368 2330 1433 2387 non

150 2421 252 2488 dubito
274 2423 383 2486 multos
404 2423 467 2487 iore
488 2423 614 2488 lectores
636 2440 747 2504 eosque
768 2419 935 2498 benivolos,
959 2421 1009 2503 qui
1031 2423 1177 2486 mirentur
1198 2421 1270 2505 quid
1291 2423 1331 2486 sit
1352 2412 1434 2506 quod

150 2543 205 2608 ego
227 2545 244 2588 e
265 2544 366 2588 rerum
386 2525 590 2588 tantummodo
612 2523 819 2604 discrepandis
834 2531 1007 2604 mgumenta
1024 2541 1088 2586 mea
1102 2523 1266 2605 pedverim,
1284 2543 1434 2606 mamma·

148 2626 239 2690 dmm
260 2633 363 2688 oontra
385 2633 415 2686 et
435 2623 595 2688 dlotionem
617 2623 858 2704 quandoquidem
877 2622 978 2685 minus
1000 2621 1156 2686 Homerica
1176 2623 1326 2687 videretur
1346 2643 1434 2706 pror·

151 2742 204 2790 aus
218 2723 407 2806 neglexerim.
436 2723 556 2788 Etenim
569 2723 740 2787 multisunt
761 2722 812 2805 qui
832 2723 880 2786 bis
896 2721 1015 2786 demum
1030 2723 1287 2804 disquisitionibus
1302 2723 1434 2806 aliquam

151 2825 284 2892 tribuam
311 2825 529 2903 auctoritatem,
562 2835 665 2889 oontm
692 2823 758 2888 illas
788 2823 826 2888 ad
858 2841 932 2906 quas
959 2841 1014 2906 ego
1046 2823 1234 2906 potissimum
1266 2825 1432 2908 provocari,

151 2927 318 2992 levidenses
344 2947 411 2992 esse
438 2936 596 3004 censeant,
624 2926 729 2991 saltem
756 2923 875 2990 lalluoes
903 2933 933 2989 ot
959 2925 1049 2990 nimis
1078 2925 1258 2989 arbitrariae.
1315 2926 1432 3000 Quibus

152 3038 253 3094 umen
280 3047 458 3111 msponaum
485 3025 573 3092 velim
593 3027 776 3092 Lachmanni
798 3027 894 3090 verbis
916 3045 992 3108 quae
1013 3027 1045 3092 in
1066 3027 1249 3110 praefatione
1275 3027 1339 3091 eius
1360 3027 1430 3097 libri

150 3131 290 3212 tegamur
317 3149 406 3216 quem
436 3129 875 3212 nuperrime-Friedlaendems
897 3127 1150 3210 Regiomontanus
1183 3129 1220 3190 de
1254 3129 1431 3210 quaestions

150 3229 308 3294 llomeriea
329 3229 456 3312 mripait
501 3229 578 3294 Sunt
598 3239 697 3294 autem
717 3229 810 3312 petita
829 3229 904 3294 haee
925 3229 1013 3292 rerba
1036 3247 1072 3294 ex
1091 3229 1198 3292 littoris
1220 3229 1431 3310 quibusdamu

151 3331 344 3396 Lachmanno
366 3331 403 3395 ad
414 3331 571 3396 Lebrsium
584 3331 617 3394 V.
630 3331 672 3395 Cl.
695 3331 766 3394 olim
782 3331 891 3408 missis,
905 3330 1081 3412 dignissima
1103 3339 1182 3393 oerto
1206 3349 1282 3413 quae
1297 3329 1378 3394 buno
1399 3329 1433 3396 id

150 3431 250 3498 loenm
270 3433 385 3516 integra
406 3432 638 3497 transferantur:
665 3433 729 3496 ‘die
755 3431 874 3495 lleinen
901 3431 1146 3512 beobaohtungen
1174 3429 1242 3494 sind
1263 3431 1434 3496 vemuehre-

151 3535 241 3599 fison.
270 3567 312 3582 -
341 3553 428 3598 wenn
458 3525 537 3622 ἠύτε
562 3537 667 3620 πέτρη
698 3534 761 3598 und
787 3553 849 3597 was
876 3533 939 3596 ihm
964 3533 1060 3614 gleieh
1088 3533 1128 3596 ist
1157 3535 1196 3598 18
1218 3533 1300 3596 mabl
1322 3531 1354 3595 in
1377 3535 1432 3598 der

42 3627 49 3638 ’
151 3635 220 3702 Ilias
241 3635 420 3712 rorlrommt,
447 3654 481 3700 so
509 3637 578 3701 sind
605 3635 682 3701 doeh
709 3637 816 3718 gewiss
845 3635 922 3698 aueh
947 3652 1040 3716 ganne
1065 3633 1197 3698 buecber
1222 3633 1255 3696 in
1278 3634 1377 3697 denen
1398 3647 1433 3698 es

151 3752 206 3822 gar
225 3739 309 3803 nieht
329 3739 426 3804 steht:
454 3739 533 3822 auoit
556 3739 696 3803 loennen
724 3737 772 3801 die
796 3739 836 3804 18
858 3737 913 3800 der
933 3734 1001 3800 Ilias
1028 3735 1089 3800 und
1112 3735 1159 3798 die
1181 3737 1202 3800 2
1224 3735 1278 3797 der
1299 3732 1433 3815 Odyssea

152 3839 229 3904 men
251 3859 286 3903 so
307 3849 359 3920 gut
378 3859 436 3902 von
458 3841 588 3922 amanzig
608 3839 840 3902 remebiedenen
862 3837 1011 3913 diubtern,
1040 3837 1115 3900 oder
1134 3853 1194 3897 von
1218 3839 1258 3900 tu
1280 3833 1353 3898 oder
1372 3835 1433 3898 von'

152 3940 277 4015 brein,
305 3940 349 4002 als
374 3957 433 4002 von
461 3940 568 4003 einem.
611 3939 660 4002 bei
688 3939 742 4000 der
767 3937 976 4018 beobaehtung
1002 3935 1083 4000 bloss
1111 3935 1180 3999 llias
1208 3936 1270 3998 und
1299 3935 1432 4018 Odyssea

151 4039 440 4122 entgegenruslellen
461 4047 590 4122 genuegt
610 4039 673 4103 also
694 4038 786 4115 nieht,
808 4038 940 4100 sondern
962 4037 1027 4100 ihre
1046 4035 1203 4100 einzelnen
1218 4035 1317 4100 theile.
1348 4021 1433 4102 duell¹

150 4139 232 4224 giebt
253 4159 285 4205 es
306 4141 356 4205 bei
377 4140 498 4206 soleben
520 4140 736 4204 einzelnbeiten
757 4137 889 4204 ueberall
908 4139 1126 4206 mmderbaron
1147 4137 1244 4204 eutall
1280 4137 1332 4205 lob
1353 4139 1433 4206 baba

150 4242 283 4309 einmahl
309 4261 347 4306 an
375 4242 505 4307 meinem
533 4241 780 4306 lateinsebreiben
813 4239 952 4304 entdeelst
982 4240 1052 4305 dass
1084 4241 1131 4304 iub
1162 4239 1317 4322 jabnelang
1348 4241 1432 4308 nieht

150 4341 262 4428 quippe
283 4344 476 4426 gesehrieben
496 4343 586 4409 batte.
630 4341 884 4408 Sohleiermauber
910 4344 991 4408 batte
1019 4341 1084 4406 sich
1111 4339 1242 4412 einmabl
1263 4339 1357 4404 eben
1378 4359 1433 4408 ana

150 4445 324 4530 gewoebnt:
353 4446 487 4510 osward
507 4445 570 4512 ihm
590 4455 693 4528 gesagt
713 4445 775 4510 und
796 4441 865 4510 lum
887 4443 968 4511 dann
996 4444 1027 4508 in
1050 4447 1117 4510 dem
1138 4462 1253 4526 gauren
1274 4433 1435 4522 balbjmra]

151 4547 253 4614 ωἰιιοτ
283 4546 478 4629 rodosunssen
510 4547 594 4614 niebt
623 4547 673 4615 siu
705 4547 834 4630 einriges
861 4546 941 4614 nalal
970 4567 1030 4612 ror.
1084 4546 1148 4610 von
1180 4545 1240 4610 den
1271 4561 1436 4626 museum

151 4648 498 4731 eigentlanemliolnlaitan
526 4650 580 4713 des
607 4649 701 4714 stila
729 4649 917 4734 auszngeben
943 4649 1061 4716 sebum
1083 4648 1146 4716 mir
1170 4645 1276 4710 bem
1298 4643 1348 4710 als
1370 4661 1437 4712 tum
