3320 5238
768 374 979 474 ...Ξ-ς..
1015 433 1017 446 ·

230 563 339 641 'mUU
350 561 674 644 msaixnenbrieri
694 563 837 642 possint,-
866 579 926 640 quo
941 559 980 624 iu
1004 557 1073 636 ioco
1094 555 1299 624 amum.
1316 561 1450 644 ιολψέλολ
1477 563 1516 624 nh

237 665 336 728 Ulixes
364 665 468 728 tuhem
496 662 541 726 vel
568 663 708 744 palatium
737 663 836 742 potius
857 669 979 741 propter
1006 659 1128 722 nimiam
1149 675 1309 738 procorum
1326 658 1517 726 medentum

237 767 370 840 intraret,
392 773 551 844 postquam
571 773 688 828 mmm
707 758 932 826 lhemlitateei
953 759 1108 840 splendida
1124 753 1209 824 'daha
1231 767 1262 822 et
1282 767 1395 824 certum
1418 760 1450 822 iu
1464 779 1519 841 pa·

237 867 472 930 uiam'reditum
495 865 639 945 misit.
683 859 1443 940 ransom-hoo.in1tlm‚·cumpronirstssura
1465 862 1518 924 de·

237 967 361 1042 huisset,
383 965 538 1042 consilium
559 975 793 1044 suarm-prensus
814 964 987 1031 hemuhsse
1008 963 1132 1026 ridetur.
1166 961 1289 1028 Etenim
1308 962 1346 1024 de
1369 962 1456 1025 donis
1478 981 1518 1026 ne

236 1067 327 1129 verbo
357 1067 477 1147 quidem
495 1067 679 1130 mentionem
699 1066 783 1140 iacit,
798 1066 917 1128 suadet
931 1072 1037 1128 autem
1059 1063 1134 1126 Ulixi
1155 1071 1189 1126 ut
1203 1064 1241 1124 in
1262 1063 1368 1126 urbam
1390 1082 1423 1125 se
1445 1083 1519 1126 oon-

238 1170 313 1232 lerat
334 1178 364 1230 et
385 1168 525 1247 quoniam
541 1168 606 1248 ipse
621 1167 686 1232 ains
702 1168 787 1232 saluti
802 1167 973 1248 prospicere
992 1184 1053 1248 nep
1068 1165 1172 1246 possit,
1195 1164 1393 1228 mendicando
1408 1165 1516 1228 victum

148 1273 165 1290 ⁸
238 1269 295 1332 sihi
322 1277 453 1350 quaerat.
495 1270 591 1348 Atque
617 1269 677 1330 hac
703 1287 804 1330 verum
827 1276 906 1342 erat,
921 1287 924 1294 ·
938 1286 995 1330 nec
1015 1266 1041 1328 si
1061 1267 1101 1328 ah
1122 1265 1206 1330 ieilio
1227 1265 1421 1328 Telcmchns
1443 1267 1518 1328 haec

228 1371 375 1438 manum
397 1370 527 1444 dixisset,
550 1370 626 1435 sicut
648 1369 712 1432 aliis
732 1370 802 1431 alihi
823 1387 915 1448 saepe
934 1367 1042 1435 similia
1060 1367 1140 1442 dixit,
1161 1367 1326 1448 mulonem
1342 1375 1422 1430 esset
1435 1368 1518 1447 qrmd

229 1491 297 1537 -nos
329 1471 500 1535 offenderet.
543 1457 619 1532 Nan'r
640 1479 719 1532 recte
741 1459 914 1532 Eustathius
937 1468 1093 1532 ‘sororina
1115 1466 1167 1532 δέ’·
1187 1467 1285 1548 inquit
1305 1465 1413 1552 ’λέγοι
1431 1445 1516 1536 lid

232 1565 433 1654 .dest
454 1571 514 1652 μὲν
535 1567 648 1636 πολλὰ
668 1563 862 1654 εὐεργετεῖν,
895 1565 939 1654 μὴ
964 1565 1144 1650 δυνάμενος
1166 1567 1217 1646 dl,
1240 1566 1273 1634 εἰ
1292 1569 1348 1636 καλ
1370 1567 1504 1654 ναγνάζν

229 1667 260 1738 ai
282 1671 385 1758 ζητῶν
393 1673 408 1736 ’.
453 1673 491 1734 Et
518 1680 629 1734 munta
653 1672 744 1734 Ulixis
771 1691 915 1752 persona,
945 1671 1112 1733 Telemachi
1134 1689 1253 1752 quoque
1275 1671 1398 1734 consilia
1422 1672 1459 1732 de
1481 1689 1518 1734 eo

233 1775 378 1841 mutanda
406 1774 513 1849 luisse,
542 1774 647 1836 dixerit
674 1773 830 1854 quispiam.
874 1774 911 1836 at
932 1791 992 1852 qua
1023 1773 1138 1834 ratione
1169 1773 1261 1834 ultiun
1283 1751 1407 1854 Eumhei
1429 1772 1519 1840 silen-

232 1876 313 1940 tium
336 1884 365 1939 el
387 1874 471 1954 quasi
493 1893 660 1937 consensus
680 1873 875 1947 excusabitur,
898 1874 1039 1952 quicum
1062 1874 1229 1936 Telemachi
1250 1873 1404 1954 promissis
1425 1873 1519 1940 λαλεπ-
1650 1897 1651 1900 ’

239 1977 345 2044 ruisset
372 1985 401 2038 et
428 1995 527 2038 veram
550 1975 641 2037 Ulixis
668 1994 828 2054 personam
849 1975 946 2036 adhuc
967 1975 1132 2054 ignoraret,
1159 1975 1298 2038 idoneam
1319 1973 1433 2039 consilii
1454 1983 1516 2038 lam
1540 1997 1549 2004 ·

240 2078 338 2141 subito
360 2077 464 2138 mutati
484 2095 620 2138 caussam
642 2077 811 2156 perspicere
832 2095 894 2138 non
914 2075 1032 2156 potuit-i

326 2178 384 2242 Sed
412 2188 480 2257 post
506 2197 531 2238 ν.
558 2181 617 2242 150
646 2177 728 2238 haud
753 2195 857 2256 parum
887 2178 1065 2239 offendimus
1093 2177 1123 2238 iu
1152 2177 1379 2256 Theoclymeuo.
1422 2175 1519 2266 Atque

240 2291 354 2344 veteres
382 2279 564 2359 grammatici
585 2298 611 2339 v.
630 2282 796 2342 roo-165
820 2278 1003 2352 reiecerunt,
1030 2297 1199 2340 sermonem
1220 2276 1429 2356 Theoclymeni
1451 2293 1519 2339 curn

241 2401 386 2462 responso
408 2379 583 2460 Penelopae.
629 2380 671 2442 cf.
694 2379 785 2440 schol.
809 2379 918 2440 Harlei.
940 2379 972 2442 in
987 2402 1022 2463 ρ,
1038 2383 1096 2444 147
1119 2395 1186 2440 οιτον
1208 2377 1380 2444 Bnltmauni
1403 2376 1522 2456 exposi-
1591 2363 1595 2370 ¹

241 2484 322 2547 liene
344 2501 373 2562 p.
390 2485 463 2546 479.
496 2481 624 2544 Cauarae
647 2481 901 2562 condemnationis
924 2479 1023 2542 nullae
1043 2479 1242 2564 proferuntur,
1264 2477 1323 2544 nisi
1345 2485 1522 2557 corruptum

242 2583 385 2648 scholium
413 2584 450 2644 ad
477 2586 581 2646 nidd
604 2583 663 2644 huc
683 2583 825 2644 reiectura
856 2577 890 2644 ἐν
911 2589 984 2656 τοῖς
1003 2581 1227 2662 χαριεστέρως
1251 2565 1346 2664 οὗτοι
1365 2574 1464 2659 μόνοι
1487 2575 1522 2642 ol

231 2682 285 2770 -nd
315 2677 532 2761 ἆθενοῦνται,
562 2680 636 2748 ἐπεὶ
663 2683 718 2748 καλ
739 2683 821 2768 πρὶν
842 2679 1004 2758 sigradus
1028 2679 1062 2746 ἐν
1083 2680 1197 2766 τῇνηὶ
1219 2675 1277 2744 τὸν
1300 2675 1419 2746 οἰωνὸν
1440 2671 1519 2756 εἶδε,
1567 2725 1569 2730 -

233 2787 296 2870 ’καὶ
318 2783 356 2850 τὸ
379 2782 552 2869 ἐγεγώνευν
574 2778 633 2849 οὐκ
655 2777 798 2868 ἀκαίρως
820 2785 851 2863 (l.
875 2776 1019 2867 ἀκαίρως
1039 2784 1106 2846 sine
1129 2773 1187 2848 οὐκ
1208 2768 1330 2858 Βο11ιο.)
1354 2777 1453 2846 ἐστίν.
1484 2777 1519 2848 ἐν

167 2890 173 2902 “
242 2887 279 2953 δὲ
300 2895 372 2964 τοῖς
392 2891 593 2970 κοινοτέροις
615 2887 670 2954 ivel
693 2885 918 2968 εἰκαιοτέροις)
942 2877 1102 2960 ἀπὸτοῦ,
1126 2875 1173 2960 ὥς
1194 2880 1300 2967 ἔφατο.
1323 2884 1459 2957 (fortasse
1473 2877 1521 2958 ὣς

243 2985 354 3074 φάτο),
378 2986 440 3064 ἕως
460 2988 520 3050 τοῦ
543 2985 578 3065 ἐξ
589 2985 685 3070 Ιἓμεῦ,
708 2989 728 3049 i.
744 3008 771 3052 e.
792 3007 819 3049 v.
839 2991 944 3052 150-
957 2989 1027 3050 165.
1071 2983 1440 3064 Nempe'Theoclymenus
1461 2983 1522 3045 iam

112 3099 118 3104 “
170 3073 173 3083 .
235 3091 274 3152 in
295 3091 456 3170 ipsa‘nave
474 3109 511 3152 se
533 3109 619 3151 omen
643 3091 832 3170 conspexisse
855 3087 1015 3160 contendit,
1039 3087 1118 3166 quod
1138 3085 1171 3148 in
1192 3105 1220 3162 o,
1237 3088 1299 3151 525
1315 3085 1453 3166 apparuit
1470 3083 1522 3150 uhi
1585 3087 1589 3096 '

235 3192 281 3254 ¹de
302 3209 376 3254 nare
397 3191 599 3254 descenderat.
643 3193 723 3254 Haeo
754 3200 853 3252 autem
876 3187 1073 3268 discrepantia
1094 3187 1214 3267 proprie
1236 3187 1266 3248 in
1289 3205 1333 3248 vv.
1353 3189 1519 3252 tou—tot

209 3292 447 3356 tantummodo
469 3293 561 3364 cadit,
583 3293 613 3354 id
636 3294 715 3374 quod
737 3293 950 3355 Buttmannum
972 3289 1087 3353 induxit
1108 3296 1140 3351 ut
1161 3287 1340 3351 scholiorum
1363 3297 1521 3352 numerum

234 3389 287 3477 api
312 3393 343 3454 in
364 3389 394 3476 pl
417 3402 554 3469 mutaret,
576 3395 713 3466 facillima
735 3413 808 3457 sane
828 3394 954 3456 medela.
984 3393 1021 3454 tt
1041 3389 1116 3454 aliae
1137 3389 1203 3452 sine
1218 3389 1307 3450 dubio
1323 3387 1522 3456 damnationis

245 3513 366 3557 caussae
394 3496 527 3570 luerunt,
557 3515 681 3574 quarum
703 3515 793 3557 unam
816 3513 941 3574 eamque
963 3493 1042 3556 haud
1062 3492 1156 3552 levem
1179 3491 1345 3569 Geppertus
1366 3491 1389 3552 Ι.
1413 3510 1442 3570 p.
1458 3491 1522 3558 353

232 3597 276 3659 ·in
304 3601 342 3658 eo
368 3598 493 3677 positam
523 3616 589 3658 esse
618 3598 749 3672 censerit,
778 3597 858 3676 qood
880 3595 1114 3674 Theoclymenus
1141 3591 1214 3652 illud
1235 3610 1324 3654 omen
1345 3591 1522 3654 Telemacho

232 3697 332 3780 -longe
360 3699 445 3762 alitor
472 3699 682 3776 interpretatus
709 3698 756 3760 sit.
800 3697 955 3758 Praeterea
977 3713 1046 3756 vero
1068 3700 1131 3756 tota
1152 3691 1359 3772 Theoelymeni
1382 3692 1522 3766 narratio,

244 3801 449 3870 iusiurandum
471 3818 525 3880 per
546 3817 678 3860 summos
700 3799 772 3860 deos
794 3797 928 3860 versibus
950 3815 986 3857 ex
1008 3793 1034 3872 ξ,
1053 3796 1113 3858 158
1146 3793 1288 3874 repetitis,
1316 3793 1463 3858 sententia
1479 3793 1523 3860 Ue

235 3903 341 3964 freditu
363 3902 456 3964 Ulixis
482 3901 605 3980 eiusque
632 3900 664 3960 iu
692 3900 789 3962 insula
809 3899 985 3980 *praeseutia
1006 3906 1068 3960 tam
1089 3905 1169 3958 certe
1191 3895 1305 3976 prolata
1327 3913 1346 3956 a
1366 3903 1431 3958 vale
1453 3913 1525 3974 pou-

244 4002 323 4077 hato‚
347 4003 438 4065 nimia
457 4003 561 4064 levitas
582 4019 639 4082 qua
655 4002 803 4082 Penelope
825 4011 886 4064 tam
905 4010 1020 4068 carlum
1043 3998 1181 4062 nuntium
1194 3997 1312 4078 excipit,
1334 3996 1525 4060 haecomnia

245 4103 367 4182 inquam
395 4123 455 4165 non
484 4105 629 4168 minorem
656 4103 892 4182 interpolationis
913 4101 1113 4182 suspicionem
1134 4107 1269 4174 movent,
1298 4098 1525 4179 quampriores

246 4205 473 4284 discrepantiae.
501 4206 598 4266 Etiam
610 4205 783 4266 hustathius
803 4203 923 4264 easdem
946 4211 1018 4282 puto
1039 4201 1288 4281 reprehensiones
1309 4200 1400 4262 vitare
1422 4199 1524 4262 voluit.

172 4290 177 4299 “
238 4306 321 4368 ,Nam
343 4307 491 4368 adnotavit
512 4308 549 4368 ad
572 4325 597 4368 ν.
617 4302 693 4371 152':
717 4297 770 4368 ὅτι
791 4300 926 4379 πλάσας
948 4295 967 4366 ὁ
988 4299 1130 4386 ποιητὴς
1143 4296 1202 4368 τὸν
1220 4299 1411 4384 Τηλέμαχον
1427 4295 1449 4364 ἃ
1463 4298 1525 4381 μὲν

246 4403 341 4489 παρὰ
362 4409 530 4490 Νέστορος
556 4407 612 4471 καὶ
640 4401 818 4470 Μενελάου
846 4400 984 4490 ἤκουσεν
1013 4401 1166 4482 εἰπόντα,
1197 4403 1341 4486 σιγῶντα
1370 4401 1407 4468 di
1435 4395 1525 4484 ἅπερ

245 4500 347 4584 αὐτὸς
368 4501 457 4572 οἶδεν
480 4501 621 4584 ἀκούσας
643 4508 719 4590 περὶ
742 4509 801 4570 τοῦ
824 4504 954 4585 νόστον,
977 4514 1072 4570 ποιεῖ
1096 4503 1154 4570 τὸν
1174 4501 1398 4586 Θεοκλύμενον
1421 4493 1528 4578 εὐθὺς

238 4604 386 4672 ,εἰπόντα
407 4604 528 4686 οὕτως·
552 4597 579 4672 ὦ
599 4605 695 4691 γύναι
715 4607 793 4672 κτλ,
807 4618 836 4670 ct
858 4609 964 4670 deinde
986 4609 1024 4670 ad
1046 4628 1072 4670 ν.
1092 4612 1166 4674 160:
1191 4602 1249 4670 ulia
1265 4603 1336 4670 ἐστι
1351 4603 1387 4668 δὲ
1402 4600 1527 4680 πιστὸς
