3332 5236
746 387 786 452 tr

216 571 346 638 maen
366 589 438 635 raro
458 573 553 652 leges,
579 591 647 636 mma
668 574 698 636 io
721 573 891 637 universnm
915 573 1109 636 Callimachus
1132 594 1250 658 quoqne
1272 579 1411 644 observa·

127 677 203 740 verit
224 683 256 738 et
276 674 412 750 Nunnns,
434 681 465 736 et
485 691 551 736 curn
574 675 653 754 apud
674 675 756 738 hunc
771 675 917 759 imprimis
932 693 1054 738 caesura
1068 677 1217 740 trochaica
1232 683 1408 762 praevaleat,

129 784 255 861 apparet
281 776 450 838 necessario
477 793 548 855 prae
577 775 758 857 dactylorum
786 777 950 858 trequeutia
981 778 1181 857 spondeorum
1202 799 1291 844 usum
1312 801 1408 864 paene

128 880 244 944 nullum
271 895 338 942 ease
366 895 456 958 posse
480 884 510 940 et
531 895 655 958 prorsus
677 895 851 942 cranemere
871 880 905 940 in
927 879 1123 941 recentiorum
1146 891 1301 961 poetarum
1322 866 1410 947 versu

127 981 260 1046 heatae.
291 980 395 1059 ltaque
416 977 474 1040 iam
496 979 609 1040 nemini
630 979 737 1042 mirum
758 977 913 1055 videbitur,
937 980 1138 1059 spondeorum
1159 1001 1246 1045 usuro
1262 986 1339 1064 apud
1356 1005 1409 1049 eos
1433 965 1437 976 ’

128 1089 243 1165 poetas,
272 1081 322 1162 qui
349 1081 380 1142 in
401 1097 540 1142 rersucuo
562 1081 793 1143 conlormatione
815 1099 936 1161 operam
958 1081 1072 1144 artificii
1094 1084 1212 1162 plenam
1234 1095 1431 1168 posuerunt,

130 1184 221 1248 certis
244 1182 421 1264 quibusdam
441 1179 555 1260 legibus
577 1189 607 1243 et
628 1181 786 1244 artioribus
807 1180 916 1244 linibus
938 1201 1004 1244 esse
1027 1184 1291 1266 circumscriptum.

644 1427 901 1440 ψ

494 1648 693 1739 CAPUT
732 1649 1048 1755 QUARTUM.

191 1875 220 1916 ι.
282 1823 339 1885 us
364 1821 676 1885 sconouuuuu
698 1819 786 1883 usu
807 1821 1022 1884 inversu
1044 1822 1260 1888 manuleo.

219 1992 273 2055 liis
294 2000 392 2054 autem
413 1991 537 2071 legibus,
562 1991 675 2070 primus
697 1999 727 2052 et
736 2007 825 2065 unus,
841 1999 984 2070 quantum
999 1992 1070 2067 seio,
1093 1991 1250 2055 llerhelius
1265 2014 1411 2059 summam

132 2095 246 2174 ingeni
267 2094 455 2172 sagacitatem
477 2091 615 2166 advertit,
644 2092 676 2152 in
703 2089 801 2154 libello
824 2091 999 2155 scholastico
1019 2093 1218 2174 hlagdeburgii
1244 2099 1324 2161 tull
1348 2117 1413 2177 ger-

132 2196 251 2262 manice
272 2191 392 2275 scripto,
415 2194 462 2256 cui
484 2193 585 2258 titulos
607 2201 668 2255 est:
695 2193 991 2256 merbach-triticeae
1012 2195 1209 2275 abhandlung
1232 2197 1304 2259 dher
1325 2201 1414 2281 Apel-

131 2299 232 2362 lonia!
253 2295 397 2360 Rhodius.
1132 2313 1136 2324 ·

219 2400 315 2478 Atque
342 2396 533 2459 fundamenta
561 2395 650 2458 huius
678 2395 885 2476 disputationis
914 2397 945 2458 in
972 2417 1008 2458 eo
1029 2397 1125 2479 posita
1148 2407 1233 2472 sunt,
1265 2403 1343 2479 quod
1366 2421 1413 2464 re-

134 2500 300 2566 centiorum
327 2497 542 2579 philologomm
571 2496 608 2559 de
630 2498 728 2560 Nonni
755 2497 926 2562 hexametro
955 2499 1169 2578 disputationes
1201 2519 1236 2561 eo
1259 2511 1412 2579 provectas

135 2621 204 2668 esse
224 2601 269 2664 vir
289 2583 394 2664 doctus
416 2599 495 2674 dicit,
518 2607 550 2662 ut
572 2618 588 2660 a
611 2617 711 2661 severa
733 2599 822 2662 huius
842 2608 948 2680 poetae
970 2599 1123 2679 disciplina
1146 2601 1176 2661 in
1199 2601 1289 2662 rebus
1311 2604 1413 2666 metri-

135 2705 181 2768 cis
201 2710 356 2783 poetarum
376 2701 639 2764 Alexandrinorum
661 2699 783 2761 artificia
804 2699 891 2779 longe
913 2709 1051 2780 superata
1077 2719 1142 2762 esse
1157 2701 1320 2788 videantur.
1349 2705 1413 2766 lloo

137 2813 238 2870 autem
259 2821 294 2864 ro
313 2819 379 2864 vera
400 2802 487 2882 longe
510 2801 595 2864 ahter
616 2819 682 2862 sese
706 2800 816 2864 hahere
838 2807 868 2862 et
887 2801 976 2862 modo
999 2801 1163 2862 accuratius
1185 2820 1288 2864 eorum
1311 2823 1413 2868 versus
1491 2881 1497 2890 y

15 2889 16 2906 ¹
136 2905 357 2978 examinentur,
386 2923 451 2965 esse
478 2904 656 2977 verendum,
687 2919 725 2963 ne
752 2901 783 2963 hi
812 2911 917 2982 poetae
939 2901 1077 2964 metricae
1100 2901 1261 2981 elegantiae
1283 2905 1412 2984 palmam

138 3009 246 3078 Nonne
267 3005 458 3086 praeripiant.
503 3005 588 3076 Quod
610 3013 644 3066 ut
665 3003 810 3078 efficeret,
831 3002 1009 3064 laboriosam
1031 3021 1151 3082 operam
1174 3006 1204 3065 io
1227 3006 1412 3086 acquirendo

138 3109 339 3190 spondeorum
359 3125 416 3168 usn
439 3106 516 3186 apud
538 3105 725 3186 Apollonium
745 3103 886 3184 inposuit.
919 3103 1014 3183 Atque
1036 3121 1149 3166 summa
1173 3106 1261 3168 huius
1283 3107 1416 3187 disputa-

139 3209 229 3274 tionis
258 3227 294 3270 eo
322 3208 414 3282 redit,
446 3215 480 3270 ut
507 3208 635 3288 primum
664 3224 716 3268 sex
742 3205 822 3284 leges
844 3206 1033 3284 proterantur
1054 3205 1256 3282 firmissimae,
1287 3227 1411 3288 quarum

139 3311 235 3393 prima
256 3309 331 3372 haec
348 3317 408 3372 est:

225 3446 229 3454 ·
266 3409 296 3472 Si
325 3410 420 3489 prima
448 3398 608 3472 heiameut
636 3407 729 3470 thesis
755 3407 844 3486 longa
872 3415 934 3480 ost,
960 3407 1075 3486 primus
1102 3405 1176 3468 ordo
1197 3409 1338 3472 metricus
1359 3429 1415 3491 per

181 3512 344 3576 molossum
361 3511 537 3591 plerumque
551 3510 691 3572 allicitur:
714 3509 739 3570 si
755 3508 844 3570 mam
859 3509 999 3583 secunda,
1017 3508 1152 3589 seqnitur
1165 3509 1413 3589 palimbacoheus.

269 3613 421 3676 Secundae
455 3613 486 3674 Si
514 3612 610 3692 primo
640 3609 802 3673 hexametri
830 3607 963 3691 spondeo
992 3609 1137 3672 clauditur
1164 3611 1237 3672 ordo
1266 3613 1415 3690 metricus,

182 3714 335 3796 proximus
369 3715 442 3776 ordo
477 3730 531 3792 per
564 3711 765 3774 choriambum
799 3710 924 3772 efficitur
949 3711 995 3772 vel
1021 3710 1198 3786 molossum,
1231 3721 1282 3773 aut
1307 3732 1415 3794 purum

182 3823 352 3894 unumque,
375 3823 426 3878 aut
447 3833 506 3874 una
528 3813 609 3876 brevi
631 3811 739 3893 syllaba
762 3811 973 3874 abundantem.

266 3915 380 3977 Tertio:
410 3915 440 3978 Si
469 3916 598 3995 primum
620 3913 765 3993 dactylum
785 3913 916 3974 mundo
937 3910 968 3972 in
991 3911 1067 3988 pede
1087 3911 1173 3988 longa
1198 3909 1332 3988 sequitur
1352 3914 1417 3974 the-

184 4018 235 4092 sis,
258 4017 386 4096 primum
409 4035 511 4080 versos
534 4015 687 4080 dimidium
712 4030 771 4074 uno
793 4019 908 4074 tantum
930 4027 1052 4072 caesura
1073 4007 1199 4071 noturah
1221 4011 1280 4072 sive
1302 4013 1417 4078 nrinore

183 4127 230 4180 eat
250 4118 469 4180 dissecandum.

270 4219 397 4290 Quarta:
421 4219 453 4280 Si
475 4217 594 4280 tertium
614 4214 777 4278 hexametri
798 4214 896 4276 locum
919 4211 1069 4292 spondeus
1085 4211 1206 4292 accepit,
1222 4217 1418 4294 praecedente

186 4329 347 4401 anapaesto
370 4320 555 4399 plerumque,
578 4319 711 4400 spondeo
733 4333 863 4396 semper,·
882 4313 1052 4376 choriambo
1068 4331 1166 4394 saepe,
1189 4315 1305 4378 tertiam
1320 4318 1418 4381 thesio

183 4421 291 4502 excipit
312 4420 430 4484 lonicus
451 4441 468 4484 a
490 4421 610 4482 maiore.
1238 4463 1242 4472 .

272 4522 397 4594 Quinta:
420 4522 521 4602 Longo
543 4521 638 4584 thesis
659 4519 755 4600 quarti
776 4519 862 4601 pedis
883 4525 998 4599 portem
1022 4517 1206 4580 conformare
1228 4515 1316 4580 dehet
1337 4537 1421 4582 voca

180 4622 243 4688 huli
264 4622 501 4706 hyperdisyllahi.
528 4685 531 4693 ,

1198 4717 1215 4768 2
