3332 5236
747 405 953 424 ——n-n

208 513 378 578 terminatm
399 513 524 592 genetivi
544 513 582 574 in·
598 531 644 590 ος,
666 485 824 593 praeterea
842 513 1067 577 terminationes
1088 513 1120 574 in
1143 534 1165 590 ι,
1189 535 1220 590 α,
1238 535 1262 591 e,
1280 523 1422 591 reuoca,
1438 530 1487 593 ot,

209 615 318 696 quitos
338 615 483 676 noemam
502 613 726 676 tenninntiones
747 615 789 678 in-
802 633 834 692 ος
853 623 886 678 et
906 627 945 690 ῦς
964 630 1068 676 eornm
1089 615 1259 692 nominum,
1290 632 1415 695 quorum
1438 633 1489 678 aea

152 775 156 780 .
209 717 329 780 emetiri
351 717 382 778 in
406 739 437 778 ιν
460 724 489 777 et
511 738 548 779 ον
571 715 736 778 formantur
757 717 806 790 (cl.
823 717 970 797 Spitzner.
986 714 1023 779 de
1037 733 1113 777 rers.
1130 716 1193 777 her.
1216 735 1247 796 p.
1264 719 1316 780 67.
1338 715 1488 778 Werniclr.
1525 793 1527 806 Ι

107 899 109 906 ¹
209 819 247 882 td
267 817 375 898 Tryph.
398 837 428 896 p.
445 819 530 892 288),
558 833 618 878 una
646 833 715 878 eum
743 817 817 896 ipsis
843 817 891 880 lris
919 816 1101 878 accusativis.
1145 817 1208 878 lam
1235 799 1488 896 nolo'quaerere,

209 939 269 1000 quo
297 921 361 983 iure
384 917 594 980 Suuvmsnas
614 917 838 980 manicationes
860 917 985 980 mobiles
1006 934 1076 978 esse
1095 917 1217 993 dixerit,
1246 917 1378 998 reliquas
1400 935 1492 998 nega-

208 1021 296 1084 verit:
319 1037 389 1082 narn
411 1027 476 1080 utut
496 1019 555 1080 hoe
575 1027 629 1093 ent,
652 1029 753 1082 manet
773 1028 873 1082 temen
896 1019 1075 1093 observatio,
1099 1019 1146 1080 his
1168 1027 1283 1080 tantum
1308 1020 1491 1082 terminatio·

208 1123 296 1186 ntra
324 1122 355 1182 in
377 1137 515 1182 versuum
544 1119 674 1182 clarmula
694 1137 782 1184 usum
804 1137 871 1183 esse
892 1119 1047 1193 Nondum,
1079 1119 1119 1181 ita
1138 1109 1240 1184 tamen
1262 1129 1296 1182 nt
1317 1121 1405 1182 etiam
1428 1131 1489 1183 ter·

208 1223 370 1286 minatione
398 1221 510 1302 primae
538 1220 744 1284 declinationis
771 1223 802 1284 in
825 1241 882 1299 uo,
911 1221 1016 1283 tertiae
1037 1220 1069 1281 in
1092 1243 1122 1298 e,
1151 1222 1284 1284 omnium
1307 1241 1376 1282 vero
1398 1223 1429 1284 in
1451 1241 1488 1287 oe

208 1323 391 1386 aiednuerit.
436 1323 633 1384 Panoissimos
659 1340 762 1386 versus
789 1323 859 1386 huic
885 1321 943 1402 legi
957 1321 1152 1397 contrarios,
1177 1323 1289 1402 partim
1321 1333 1487 1404 corruptos,

206 1425 314 1506 partim
336 1424 373 1486 ab
395 1424 556 1502 imitatione
578 1421 737 1486 Homerica
755 1421 801 1486 rel
821 1423 1014 1505 Apolloniana
1042 1425 1255 1498 excusandos,
1271 1426 1339 1488 nelc
1362 1442 1399 1488 ex
1419 1427 1488 1490 dim

126 1544 128 1550 ’
207 1526 380 1606 gentiseimo
403 1525 510 1588 Strurii
531 1524 629 1586 libello
651 1525 708 1586 hoe
729 1525 761 1587 in
782 1525 847 1587 loco
870 1525 1048 1587 describere.
1084 1523 1159 1586 lllud
1182 1526 1280 1604 potius
1303 1519 1486 1592 monendam

209 1637 269 1702 tm,
298 1627 354 1690 lrao
381 1624 412 1690 ir'r
440 1645 473 1688 re
502 1645 570 1688 curn
592 1627 699 1688 Nonne
727 1627 826 1688 lacere
851 1627 940 1689 etiam
962 1633 1139 1700 tentatores,
1169 1627 1283 1690 etiamsi
1305 1629 1486 1709 peculiarem

208 1745 355 1808 quemque
378 1733 407 1790 et
429 1745 513 1790 sumn
535 1729 612 1789 narn
633 1727 725 1789 remila
747 1728 846 1790 minus
867 1728 1034 1807 ingressum
1057 1745 1123 1792 esse
1146 1729 1247 1808 negari
1269 1748 1330 1790 non
1352 1739 1460 1810 potest

292 1831 413 1892 Etenim
433 1829 585 1892 Colluthus
611 1829 848 1890 terminationem
877 1830 991 1909 primae
1012 1829 1216 1892 declinationis
1237 1832 1269 1892 in
1291 1853 1314 1894 α
1335 1831 1483 1908 mobilem,
1592 1885 1594 1888 .

207 1933 265 1994 nini
287 1932 317 1994 in
340 1931 502 2011 participiis
523 1945 676 2009 nunqnam
707 1929 835 1992 admisit.
866 1930 909 1992 tt.
925 1949 952 1992 r.
969 1933 1026 1994 30:
1048 1934 1210 2010 μεθεῖσα,
1243 1950 1270 1993 v.
1283 1935 1341 1998 38:
1371 1930 1481 2010 ἐοῦσα,

208 2051 233 2094 ν.
248 2036 306 2097 43:
329 2039 488 2108 τυπεῖσα,
518 2051 544 2092 ν.
562 2036 621 2096 44ο
645 2027 803 2112 δαμεῖσα,
833 2049 859 2092 ν.
875 2035 933 2097 46:
955 2031 1124 2114 θοροῦσα,
1148 2033 1211 2094 rell.
1257 2033 1340 2096 Unus
1370 2043 1485 2098 tanturn

207 2134 372 2196 contrarius
394 2140 440 2194 est
459 2149 562 2194 versus
585 2135 663 2198 206:
1382 2171 1385 2177 -

411 2235 528 2316 κυανέη
550 2232 611 2314 μὲν
631 2226 785 2315 ὕπερθεν
805 2225 1071 2317 ἀναθρώσκουσα
1092 2232 1252 2300 θάλασσα

311 2331 312 2336 ’
411 2325 551 2416 οὐρανὸν
575 2326 744 2418 ὀρφναίων
766 2331 883 2400 ἑλίκων
905 2331 1052 2414 ἐζώσατο
1074 2333 1194 2419 δασμῷ.

207 2451 294 2518 mem
317 2444 488 2516 corruptum
510 2455 576 2498 esse
598 2436 781 2516 ineptissima
804 2437 947 2499 ennnuati
969 2438 1115 2499 sententia
1138 2445 1238 2517 aperte
1249 2438 1355 2517 prodit,
1372 2439 1482 2500 etenim

207 2537 305 2599 meni
328 2546 373 2598 est
394 2537 538 2611 hominis,
562 2537 728 2600 caeruleum
750 2555 833 2600 mare
855 2557 972 2620 super
990 2534 1150 2618 instrepens
1172 2539 1286 2602 coelum
1307 2539 1384 2619 nigri
1405 2540 1484 2602 uela·¹

206 2639 295 2702 minis
323 2639 420 2703 mdo
448 2639 576 2701 cinxisse
605 2639 713 2700 dicere.
759 2640 818 2702 Sed
847 2641 883 2702 de
911 2641 1098 2702 emendando
1119 2642 1177 2702 hoo
1198 2641 1262 2702 loeo
1285 2641 1398 2704 lacunis
1420 2659 1483 2704 nen

205 2757 310 2822 parem
334 2740 491 2820 depravato
513 2741 561 2803 alii
584 2741 710 2802 rideant.
739 2740 896 2804 Praeterea
917 2742 1141 2804 terminationes
1162 2743 1194 2804 in
1216 2763 1252 2807 σι
1274 2743 1392 2806 admisit
1415 2742 1486 2805 Gul-

204 2841 305 2906 naeus
325 2842 360 2902 in
380 2843 757 2906 autumnitatem
793 2863 796 2870 ’

293 2941 431 3002 Musaeus
453 2951 550 3002 autem
573 2942 604 3002 in
625 2941 752 3004 vitandis
773 2943 921 3006 neuhaeis
943 2953 1001 3005 tam
1025 2945 1129 3006 anxius
1150 2945 1219 3019 luit,
1248 2953 1281 3006 ut
1300 2963 1364 3006 non
1386 2945 1484 3008 solum

205 3043 358 3124 pensuros
378 3043 410 3102 in
433 3061 484 3118 uo,
506 3051 733 3119 accersentes,
757 3045 809 3106 sed
831 3045 920 3106 etiam
941 3053 1115 3106 neutrorum
1137 3045 1375 3108 terminationem
1395 3047 1428 3108 in
1446 3065 1483 3122 ος

205 3153 236 3207 et
262 3143 374 3206 datiam
395 3143 427 3203 in
449 3163 486 3206 oe
505 3144 648 3223 (exceptis
669 3163 695 3206 r.
714 3147 784 3210 ms.
800 3150 873 3232 5011.
890 3145 941 3210 tt.
961 3149 1033 3222 130)
1061 3165 1128 3208 curn
1151 3147 1215 3208 aliis
1238 3147 1389 3210 nonnullis
1410 3148 1485 3211 vita-

205 3245 287 3308 verit.
333 3244 432 3306 Ooties
455 3244 549 3318 enim,
579 3246 604 3306 si
625 3256 706 3308 reete
728 3247 865 3321 memini,
895 3249 1075 3310 accusativos
1098 3249 1201 3312 tertiae
1223 3248 1428 3310 declinationis
1450 3249 1484 3311 in
1588 3251 1591 3257 ’
1655 3331 1656 3348 ¹

203 3335 342 3408 rmsuum
361 3345 443 3406 'exitu
464 3346 573 3425 posuit.
619 3348 730 3420 Quoue
750 3357 864 3414 tanum
887 3353 924 3428 (r.
942 3351 994 3414 84.
1009 3351 1082 3412 268.
1098 3353 1171 3414 275.
1187 3353 1261 3427 317)
1285 3350 1480 3411 nominativos

204 3447 351 3510 emendae
380 3447 584 3510 declinationis
611 3449 642 3510 in
669 3469 717 3526 ος.
760 3449 951 3530 Reliquorum
977 3469 1046 3510 rere
1075 3450 1316 3511 terminationem
1342 3449 1388 3510 rin
1409 3449 1479 3510 ntea

203 3549 394 3612 inveniuntur
420 3550 561 3630 exempla.
608 3549 706 3612 Semel
727 3559 888 3631 praeeunte
911 3551 1087 3614 camareto
1110 3543 1193 3612 ἄστυ
1215 3550 1246 3610 in
1268 3549 1328 3610 line
1349 3549 1480 3630 positum

204 3661 258 3726 est,
280 3669 308 3711 v.
325 3656 375 3717 74.

211 3792 216 3802 ·
289 3752 397 3814 Contra
411 3751 631 3832 Tryphiodorus
651 3753 856 3816 nomaaomn
879 3753 910 3814 in
929 3767 992 3814 usu
1010 3753 1095 3832 plura
1117 3751 1172 3814 sibi
1194 3752 1326 3814 indulsit.
1356 3753 1482 3819 Admisit

204 3854 282 3916 enirn
305 3854 416 3915 dativos
433 3854 464 3914 in
479 3875 546 3938 ραι,
570 3873 649 3931 οισι,
675 3871 757 3930 eona,
781 3875 818 3930 ος
832 3863 1006 3916 neumarum
1021 3873 1047 3914 v.
1064 3856 1115 3918 22.
1135 3857 1204 3919 136.
1219 3857 1293 3928 580,
1308 3855 1389 3934 ·qnin
1404 3857 1481 3916 adeo

203 3975 230 4016 r.
246 3959 308 4020 270
330 3955 497 4036 genetivum
518 3956 631 4035 primm
652 3956 858 4020 declinationis
880 3957 911 4018 in
934 3975 985 4035 αο,
1009 3957 1062 4018 sed
1084 3956 1113 4017 in
1131 3955 1251 4017 nomine
1266 3957 1396 4036 pmprie.
1420 3953 1480 4018 Sed
1522 4029 1525 4042 Δ

203 4057 311 4119 mirum
334 4057 404 4118 nrilri
425 4057 519 4118 visum
541 4065 596 4133 est,
630 4058 762 4137 qnidsit
784 4059 863 4138 qnod
884 4059 915 4118 in
938 4058 1107 4120 universnm
1129 4058 1351 4121 terminationes
1372 4075 1483 4121 secun-

203 4159 258 4220 dae
286 4158 490 4220 declinationis
519 4159 609 4219 modo
634 4159 785 4238 genetivus
807 4159 913 4228 inoto
936 4159 1087 4236 exceperis
1108 4177 1180 4236 prae
1202 4159 1325 4238 reliquis
1347 4159 1479 4222 vitandas
1595 4158 1598 4165 “

203 4279 270 4327 esse
292 4259 450 4321 censuerit.
480 4259 613 4330 Quarum
633 4277 694 4322 uua
715 4253 835 4339 quidem
857 4256 955 4336 paullo
974 4258 1157 4336 frequentior
1172 4269 1226 4334 est,
1250 4261 1337 4321 datin
1351 4261 1382 4322 in
1398 4279 1477 4337 οισι,

203 4362 256 4424 sed
277 4360 453 4422 rarissimae·
467 4367 537 4422 sunt
557 4361 782 4422 terminationes
802 4367 974 4420 neutrorum
997 4359 1028 4419 in
1051 4381 1088 4422 σν
1111 4369 1141 4421 et
1162 4383 1192 4438 α,
1228 4368 1317 4440 atque
1339 4363 1402 4441 ipse
1424 4381 1483 4422 no·

179 4461 358 4555 ⁸minatirus
387 4461 418 4522 in
441 4479 477 4536 ος
499 4479 588 4540 quern
611 4461 741 4542 quinque
764 4451 885 4523 nomina
906 4460 1026 4540 propria
1050 4461 1202 4535 exhibent,
1226 4465 1388 4528 vetto.
1408 4463 1481 4525 170.

202 4563 275 4626 295.
292 4565 371 4636 614,
404 4571 557 4640 praeterea
586 4560 722 4637 ἕκαστος
749 4581 776 4626 v.
796 4566 866 4627 150.
904 4553 1021 4643 ὁμοῖος
1042 4581 1068 4624 ν.
1085 4566 1156 4628 tto.
1201 4562 1363 4627 decusatim
1391 4553 1484 4628 huius
