3320 5238
831 371 892 440 118

223 565 283 629 den
309 573 509 628 woertern.
554 561 626 625 aber
652 561 759 624 immor
786 579 820 624 so
843 559 912 622 dass
941 557 988 622 die
1009 555 1277 620 awisobenraeumc
1298 573 1337 619 ιι
1356 553 1504 622 bonobten

224 665 311 746 sind,
333 667 366 728 in
388 666 485 728 denen
507 684 570 727 nun
593 663 646 727 das
669 662 829 728 obserrirte
851 656 1176 736 ιι1ι1ιιιοι1ωιιιιιιῑ.’*)

310 767 461 831 Hactenus
482 765 700 830 Lachmannus.
729 765 771 826 Ac
792 761 893 827 stilum
915 759 1034 843 quidem
1055 759 1162 822 horum
1178 757 1334 841 Odysseae·
1348 757 1505 838 librorum,

224 869 395 933 universum
425 867 491 930 dico
520 865 656 930 dictionis
678 865 823 941 colorem,
851 864 882 926 in
910 861 1107 945 praecedente
1134 859 1217 942 tetigi
1246 860 1504 940 commentatione,

226 971 282 1035 etsi
303 969 421 1032 brevius
443 969 591 1032 interdum
613 987 648 1030 ex
670 965 795 1030 instituti
816 965 941 1029 ratione.
972 963 1142 1044 singulares
1164 971 1262 1024 autem
1284 945 1506 1026 observationes

226 1072 399 1136 coniunctas
421 1087 589 1152 proponere
610 1068 710 1144 malui,
725 1068 855 1149 primum
869 1063 1088 1148 perspicuitatis
1103 1081 1217 1139 caussa,
1233 1063 1302 1125 dein
1318 1063 1388 1144 quia
1402 1064 1504 1142 multa,

225 1191 281 1256 per
302 1191 334 1235 se
357 1171 475 1252 quidem
497 1170 649 1233 verissime
672 1168 839 1245 observata,
863 1168 888 1230 si
909 1167 941 1228 in
962 1165 1051 1246 longo
1073 1165 1285 1228 commentario
1307 1165 1441 1247 dispersa
1461 1164 1507 1228 le-

225 1282 350 1356 guntur,
384 1289 473 1352 saepe
500 1271 618 1351 fugiunt
643 1271 783 1333 lectorem
812 1277 842 1332 et
869 1267 1065 1348 negleguntur
1091 1265 1128 1328 ab
1161 1283 1206 1342 eo,
1238 1267 1359 1328 omnino
1391 1267 1505 1330 incerta

225 1375 362 1438 videntur
389 1381 419 1435 et
439 1390 545 1453 parum
567 1370 746 1454 probabilia,
775 1378 877 1433 contra
905 1365 1035 1430 vanitatis
1063 1367 1194 1448 speeiem
1214 1367 1260 1429 vel
1281 1368 1438 1432 maximam
1458 1369 1507 1431 in·

227 1477 336 1551 duunt,
366 1474 391 1536 si
418 1481 478 1536 uno
507 1472 610 1535 ordine
636 1472 812 1554 procedunt.
855 1471 896 1533 ilc
925 1467 983 1532 nisi
1005 1469 1042 1530 do
1063 1469 1108 1530 ria
1135 1469 1305 1531 convenerit
1326 1488 1361 1531 ac
1381 1470 1506 1547 ratione,

228 1597 316 1660 quam
344 1575 516 1638 methodum
543 1574 683 1646 dicimus,
711 1574 743 1636 in
770 1573 818 1635 his
845 1569 1067 1653 quaestionibus
1089 1571 1257 1650 sequenda,
1285 1571 1382 1634 omnis
1405 1571 1506 1652 dispu-

227 1679 300 1742 tatio
314 1696 389 1740 uana
412 1677 468 1739 orit
490 1684 520 1738 et
540 1675 651 1737 incerta
672 1671 869 1749 fluctuabitur,
893 1681 1044 1753 tamquam
1066 1671 1232 1734 aediticium
1253 1690 1361 1735 arenae
1382 1671 1506 1754 imposi-

226 1788 300 1853 tum,
323 1797 420 1858 neque
442 1777 535 1840 firmis
558 1785 792 1859 superstructum
821 1771 1037 1860 ¹fundamentis.
1091 1773 1153 1834 lam
1175 1789 1244 1834 vero
1266 1793 1334 1836 oum
1355 1775 1506 1838 neminem

205 1880 319 1962 ,ingiat
336 1879 496 1944 maximam
519 1897 584 1942 esse
607 1878 638 1942 in
660 1877 874 1966 posterioribus
896 1873 1046 1958 Odysseae
1067 1871 1277 1962 thuscorum
1298 1875 1506 1943 ancabdornm

227 1981 355 2070 copiam,
378 1999 453 2062 quae
475 1989 524 2044 aut
546 1979 598 2044 uni
620 1979 738 2044 alaenve
765 1977 942 2060 rhapsodias
959 1976 1133 2044 ,communio
1149 1976 1230 2054 out,
1257 1985 1309 2064 aut
1330 1977 1419 2045 anus
1441 1986 1507 2042 tan

228 2091 292 2148 tum
314 2081 371 2144 loci
391 2082 529 2167 propria,
552 2089 713 2158 autnon,
736 2087 788 2146 ant
809 2071 1092 2166 ἅπαξ-εἰρημέναι
1122 2086 1154 2146 et
1177 2097 1245 2144 cum
1266 2087 1368 2154 nostra
1389 2077 1509 2162 potissi·

228 2201 311 2270 mum
332 2191 428 2246 aetate
452 2201 487 2246 ex
508 2201 565 2247 usn
587 2167 617 2246 et
638 2182 804 2266 frequentia
825 2181 933 2247 borum
954 2179 1164 2246 rooahubrum
1187 2175 1268 2244 haud
1289 2198 1379 2266 parva
1403 2197 1508 2264 saepe·

228 2295 354 2352 numero
376 2292 526 2348 momenta
554 2283 707 2366 depromta
739 2284 800 2346 sint
827 2283 864 2348 ad
891 2279 1374 2370 demonstrandamlreoentiorom
1400 2279 1509 2349 horum

230 2375 396 2453 danninum
417 2383 579 2464 originem:
602 2403 663 2448 non
685 2385 788 2448 inutile
808 2385 903 2450 usum
915 2391 974 2460 est,
996 2383 1151 2450 honorem
1164 2381 1508 2466 accusatiuspauliuan

228 2495 414 2578 pertractare
436 2505 561 2568 eamque
583 2487 687 2552 iterato
709 2485 844 2552 subicere
861 2483 1002 2550 erasini.

229 2667 235 2676 ,
318 2587 376 2650 Sed
399 2586 486 2652 audio
509 2587 708 2650 adversarium
730 2587 787 2652 alta
809 2605 879 2650 vooe
901 2586 1092 2664 mantem,
1119 2601 1220 2650 nonne
1241 2583 1273 2648 in
1295 2581 1513 2664 antiqan'saimis

233 2708 351 2776 quoque
373 2689 556 2770 rhapsodiis,
585 2708 659 2770 quas
688 2707 776 2752 nemo
797 2688 829 2754 in
851 2687 1051 2769 suspicionem
1079 2685 1207 2760 vocabit,
1236 2677 1329 2773 ἅιιιιξ
1351 2679 1511 2770 εἰρημένα,

230 2783 436 2867 inveniuntur,
464 2809 565 2854 nonne
588 2791 666 2875 apud
689 2808 793 2854 omnes
814 2787 935 2857 annino
953 2789 1118 2870 soniptores
1139 2796 1199 2873 ιιι]
1221 2785 1295 2871 baeo
1316 2803 1405 2870 quam
1426 2803 1513 2852 uom-

230 2881 299 2959 bula
323 2889 421 2958 noval
463 2891 566 2972 Itaque
589 2891 659 2970 quid
683 2911 699 2958 e
722 2891 784 2957 solo
813 2884 906 2970 deae
933 2887 1111 2976 εἰρημένων
1137 2906 1264 2955 recensu
1286 2887 1323 2954 de
1344 2887 1510 2956 reeeauore

230 2993 458 3081 rhapsodiamm
480 3000 575 3056 aetate
598 2992 702 3056 confici
724 2990 843 3072 potasti
879 2992 903 3058 E
924 2991 990 3056 solo
1012 3009 1140 3056 recensu
1161 2991 1223 3054 lere
1244 2988 1328 3058 nihil.
1362 2988 1510 3057 Concedo.

230 3093 270 3166 Et
296 3113 335 3158 ne
363 3093 545 3174 frequentiae
568 3093 687 3174 qudem
719 3094 827 3161 talium
853 3093 1062 3177 vardulorum
1088 3081 1265 3176 hecilone
1291 3088 1512 3172 looouotabili,

231 3213 370 3278 magnam
391 3193 489 3258 tribuo
512 3194 723 3272 auctoritatem,
747 3196 856 3282 quippe
876 3215 954 3280 qnae
976 3195 1058 3260 ιιιιιί
1079 3192 1174 3278 possit
1194 3189 1342 3304 imputari
1386 3189 1513 3259 Namoi
1559 3271 1562 3282 ¹

231 3286 311 3394 banc
339 3295 435 3360 solam
464 3302 648 3379 spectamus,
676 3296 701 3358 si
723 3315 915 3363 numerorum
942 3294 1208 3362 ennarrationes
1235 3291 1402 3374 sequimur,
1429 3299 1513 3359 entra

234 3385 354 3480 ornnem
383 3395 596 3460 dubitationem
624 3396 754 3480 positum
784 3407 844 3474 est,
871 3397 1052 3482 posteriores
1081 3393 1290 3484 rhapsodias
1283 3413 1314 3460 tn
1346 3392 1515 3478 elocutione

233 3497 343 3568 mirum
365 3506 507 3579 quantum
536 3496 723 3582 abantiquis
751 3499 878 3567 differre.
922 3497 1076 3564 Etenim
1066 3517 1099 3564 an
1121 3497 1168 3564 his
1190 3493 1395 3582 frequentior
1394 3502 1440 3556 est
1458 3492 1514 3562 obe

235 3607 413 3668 stractorum
434 3617 592 3674 numerus,
621 3617 697 3680 qnae
724 3600 877 3666 dicuutur:
902 3598 1088 3680 frequentius
1114 3597 1306 3666 inveniuntur
1333 3595 1422 3662 uerba
1443 3599 1513 3661 crim

233 3699 504 3794 praepositionibus
530 3699 703 3764 coniuncta:
736 3701 919 3800 frequentius
947 3699 1075 3783 denique
1104 3677 1212 3786 ἅιιαξ
1234 3693 1345 3811 cippati
1346 3719 1395 3766 να.
1435 3695 1514 3763 Sed

234 3795 316 3902 quid
332 3802 402 3868 inde
433 3809 535 3867 contra
564 3820 615 3864 eos
643 3802 736 3867 evinci
757 3810 871 3886 potest,
900 3802 951 3888 qui
978 3819 1098 3868 omnem
1120 3817 1241 3888 operam
1262 3799 1293 3864 in
1314 3777 1515 3876 monstranda

232 3905 399 3990 argumenti
420 3903 612 3986 continuitate
634 3904 716 3970 etin
736 3924 797 3972 uno
820 3905 964 3970 servando
986 3911 1105 3968 auctore
1133 3901 1333 3978 collocandam
1355 3917 1422 3964 esse
1444 3915 1516 3975 oen,-

233 4015 356 4104 mot,
333 4015 436 4122 contra
457 4007 594 4074 homines
613 4007 813 4094 praeiudicata
834 4006 974 4096 opinione
996 3981 1128 4092 aliquant
1128 4024 1179 4073 um
1200 3999 1362 4108 deceptos?

239 4296 256 4306 '¹
283 4305 346 4378 *l
362 4309 468 4374 inipso
486 4310 665 4366 Friedlaenderi
683 4311 758 4378 libro,
783 4309 822 4372 die
845 4309 999 4364 homerisclrs
1020 4308 1093 4366 initii
1116 4322 1170 4362 aon
1179 4306 1245 4360 Wolf
1264 4307 1302 4360 bie
1322 4279 1408 4370 Grots,
1432 4303 1514 4360 perot.

234 4385 344 4461 1853'1).
361 4393 434 4452 Vlll.
451 4393 469 4448 l.
487 4395 547 4447 baec
564 4397 730 4461 praecedunt:
754 4394 798 4446 'in
820 4395 875 4449 dem
896 4393 1024 4458 folgenden
1033 4383 1123 4443 brieio
1145 4383 1242 4447 werden
1266 4391 1406 4455 allgemeine
1424 4387 1516 4452 grund-

231 4476 315 4544 trnpen
332 4481 378 4531 aer
389 4477 465 4531 isitii
483 4485 608 4531 eroertert
643 4479 781 4532 Lachmann
804 4479 864 4532 bielt
887 4495 913 4531 es
935 4477 990 4531 iuer
1006 4475 1120 4530 antestion
1143 4475 1227 4540 ingeni
1249 4476 1303 4528 eins
1321 4473 1416 4528 ancient
1432 4469 1511 4520 neber-

231 4563 274 4616 dts
295 4565 443 4630 mne
461 4563 509 4618 der
525 4564 701 4616 ἰὴιιιιιίιιὶιι
729 4565 842 4630 pollente
868 4564 913 4620 aaut
930 4563 1132 4684 beobtobtunpea
1155 4560 1238 4613 uebm
1262 4554 1438 4611 cimelntlte'n
1465 4551 1519 4604 dss'

230 4649 456 4718 noeman&
470 4663 502 4708 ιι
518 4646 691 4716 memes·
