<?xml version="1.0" encoding="UTF-8"?>
<!DOCTYPE html PUBLIC "-//W3C//DTD XHTML 1.0 Transitional//EN"
    "http://www.w3.org/TR/xhtml1/DTD/xhtml1-transitional.dtd">
<html xmlns="http://www.w3.org/1999/xhtml" xml:lang="en" lang="en">
 <head>
  <title>
</title>
<meta http-equiv="Content-Type" content="text/html;charset=utf-8" />
  <meta name='ocr-system' content='tesseract 3.04.00' />
  <meta name='ocr-capabilities' content='ocr_page ocr_carea ocr_par ocr_line ocrx_word'/>
</head>
<body>
  <div class='ocr_page' id='page_1' title='image "./commentationese01volkgoog_0021.png"; bbox 0 0 3332 5236; ppageno 0'>
   <div class='ocr_carea' id='block_1_1' title="bbox 913 245 917 268">
    <p class='ocr_par' dir='ltr' id='par_1_1' title="bbox 913 245 917 268">
     <span class='ocr_line' id='line_1_1' title="bbox 913 245 917 268; baseline 0 0"><span class='ocrx_word' id='word_1_1' title='bbox 913 245 917 268; x_wconf 90' lang='lat' dir='ltr'><strong>l</strong></span> 
     </span>
    </p>
   </div>
   <div class='ocr_carea' id='block_1_2' title="bbox 209 489 1565 1792">
    <p class='ocr_par' dir='ltr' id='par_1_2' title="bbox 209 489 1525 1190">
     <span class='ocr_line' id='line_1_2' title="bbox 210 489 1525 580; baseline -0.002 -20"><span class='ocrx_word' id='word_1_2' title='bbox 210 503 345 580; x_wconf 84' lang='lat' dir='ltr'><strong>apertum</strong></span> <span class='ocrx_word' id='word_1_3' title='bbox 377 513 443 558; x_wconf 84' lang='lat' dir='ltr'><strong>esse</strong></span> <span class='ocrx_word' id='word_1_4' title='bbox 475 511 593 567; x_wconf 71' lang='lat' dir='ltr'><strong>conseo</strong></span> <span class='ocrx_word' id='word_1_5' title='bbox 627 489 802 574; x_wconf 85' lang='lat' dir='ltr'><strong>qrn&#39;cticrcm</strong></span> <span class='ocrx_word' id='word_1_6' title='bbox 835 511 1004 570; x_wconf 78' lang='lat' dir='ltr'><strong>numerum,</strong></span> <span class='ocrx_word' id='word_1_7' title='bbox 1034 493 1164 575; x_wconf 79' lang='lat' dir='ltr'><strong>ideaque</strong></span> <span class='ocrx_word' id='word_1_8' title='bbox 1195 491 1427 575; x_wconf 66' lang='lat' dir='ltr'><strong>mmmmm</strong></span> <span class='ocrx_word' id='word_1_9' title='bbox 1458 502 1489 558; x_wconf 84' lang='lat' dir='ltr'><strong>et</strong></span> <span class='ocrx_word' id='word_1_10' title='bbox 1520 501 1525 512; x_wconf 89' lang='lat'><strong><em>‘</em></strong></span> 
     </span>
     <span class='ocr_line' id='line_1_3' title="bbox 211 595 1488 676; baseline 0.001 -16"><span class='ocrx_word' id='word_1_11' title='bbox 211 598 385 671; x_wconf 73' lang='lat' dir='ltr'><strong>suaviorem,</strong></span> <span class='ocrx_word' id='word_1_12' title='bbox 407 595 488 658; x_wconf 90' lang='lat' dir='ltr'><strong>hunc</strong></span> <span class='ocrx_word' id='word_1_13' title='bbox 510 595 659 676; x_wconf 75' lang='lat' dir='ltr'><strong>Odysseae</strong></span> <span class='ocrx_word' id='word_1_14' title='bbox 680 611 798 660; x_wconf 73' lang='lat' dir='ltr'><strong>rerem</strong></span> <span class='ocrx_word' id='word_1_15' title='bbox 820 595 967 660; x_wconf 82' lang='lat' dir='ltr'><strong>exhihere.</strong></span> <span class='ocrx_word' id='word_1_16' title='bbox 1001 595 1110 660; x_wconf 79' lang='lat' dir='ltr'><strong>Contra</strong></span> <span class='ocrx_word' id='word_1_17' title='bbox 1132 595 1262 660; x_wconf 79' lang='lat' dir='ltr'><strong>masurio</strong></span> <span class='ocrx_word' id='word_1_18' title='bbox 1284 595 1488 672; x_wconf 73' lang='lat' dir='ltr'><strong>illocatum,</strong></span> 
     </span>
     <span class='ocr_line' id='line_1_4' title="bbox 210 695 1489 781; baseline 0 -19"><span class='ocrx_word' id='word_1_19' title='bbox 210 707 279 781; x_wconf 89' lang='lat' dir='ltr'><strong>post</strong></span> <span class='ocrx_word' id='word_1_20' title='bbox 306 697 388 762; x_wconf 89' lang='lat' dir='ltr'><strong>arsin</strong></span> <span class='ocrx_word' id='word_1_21' title='bbox 414 697 500 770; x_wconf 83' lang='lat' dir='ltr'><strong>lacta,</strong></span> <span class='ocrx_word' id='word_1_22' title='bbox 527 696 670 763; x_wconf 86' lang='lat' dir='ltr'><strong>numerus</strong></span> <span class='ocrx_word' id='word_1_23' title='bbox 698 697 864 779; x_wconf 61' lang='lat' dir='ltr'><strong>immtuosa</strong></span> <span class='ocrx_word' id='word_1_24' title='bbox 892 698 1020 780; x_wconf 79' lang='lat' dir='ltr'><strong>quodam</strong></span> <span class='ocrx_word' id='word_1_25' title='bbox 1047 697 1232 762; x_wconf 69' lang='lat' dir='ltr'><strong>vehementia</strong></span> <span class='ocrx_word' id='word_1_26' title='bbox 1251 695 1431 772; x_wconf 65' lang='lat' dir='ltr'><strong>matham,</strong></span> <span class='ocrx_word' id='word_1_27' title='bbox 1458 704 1489 762; x_wconf 91' lang='lat' dir='ltr'><strong>et</strong></span> 
     </span>
     <span class='ocr_line' id='line_1_5' title="bbox 210 797 1487 880; baseline -0.003 -16"><span class='ocrx_word' id='word_1_28' title='bbox 210 818 278 864; x_wconf 90' lang='lat' dir='ltr'><strong>cum</strong></span> <span class='ocrx_word' id='word_1_29' title='bbox 295 798 436 874; x_wconf 85' lang='lat' dir='ltr'><strong>¹secundo</strong></span> <span class='ocrx_word' id='word_1_30' title='bbox 449 833 450 836; x_wconf 61' lang='lat'><em>=</em></span> <span class='ocrx_word' id='word_1_31' title='bbox 464 799 496 860; x_wconf 91' lang='lat' dir='ltr'><strong>in</strong></span> <span class='ocrx_word' id='word_1_32' title='bbox 525 799 611 862; x_wconf 79' lang='lat' dir='ltr'><strong>&#39;uersu</strong></span> <span class='ocrx_word' id='word_1_33' title='bbox 640 799 727 862; x_wconf 88' lang='lat' dir='ltr'><strong>etiam</strong></span> <span class='ocrx_word' id='word_1_34' title='bbox 749 808 818 880; x_wconf 86' lang='lat' dir='ltr'><strong>post</strong></span> <span class='ocrx_word' id='word_1_35' title='bbox 839 817 992 864; x_wconf 87' lang='lat' dir='ltr'><strong>caesuram</strong></span> <span class='ocrx_word' id='word_1_36' title='bbox 1013 817 1156 862; x_wconf 88' lang='lat' dir='ltr'><strong>numerus</strong></span> <span class='ocrx_word' id='word_1_37' title='bbox 1178 797 1337 878; x_wconf 77' lang='lat' dir='ltr'>dactylicus</span> <span class='ocrx_word' id='word_1_38' title='bbox 1358 807 1487 874; x_wconf 73' lang='lat' dir='ltr'><strong>meat,</strong></span> 
     </span>
     <span class='ocr_line' id='line_1_6' title="bbox 209 899 1488 982; baseline 0.002 -20"><span class='ocrx_word' id='word_1_39' title='bbox 209 901 256 964; x_wconf 88' lang='lat' dir='ltr'><strong>vel</strong></span> <span class='ocrx_word' id='word_1_40' title='bbox 276 899 428 982; x_wconf 86' lang='lat' dir='ltr'><strong>anapaesti</strong></span> <span class='ocrx_word' id='word_1_41' title='bbox 449 918 504 982; x_wconf 86' lang='lat' dir='ltr'><strong>per</strong></span> <span class='ocrx_word' id='word_1_42' title='bbox 523 899 609 964; x_wconf 90' lang='lat' dir='ltr'><strong>basin</strong></span> <span class='ocrx_word' id='word_1_43' title='bbox 632 901 781 980; x_wconf 88' lang='lat' dir='ltr'><strong>quandam</strong></span> <span class='ocrx_word' id='word_1_44' title='bbox 802 901 893 981; x_wconf 89' lang='lat' dir='ltr'><strong>priori</strong></span> <span class='ocrx_word' id='word_1_45' title='bbox 915 901 992 981; x_wconf 84' lang='lat' dir='ltr'><strong>perti</strong></span> <span class='ocrx_word' id='word_1_46' title='bbox 1014 900 1121 963; x_wconf 77' lang='lat' dir='ltr'>annexi</span> <span class='ocrx_word' id='word_1_47' title='bbox 1142 899 1311 973; x_wconf 87' lang='lat' dir='ltr'><strong>videantur,</strong></span> <span class='ocrx_word' id='word_1_48' title='bbox 1333 899 1365 964; x_wconf 88' lang='lat' dir='ltr'><strong>in</strong></span> <span class='ocrx_word' id='word_1_49' title='bbox 1387 899 1488 964; x_wconf 85' lang='lat' dir='ltr'><strong>lliadia</strong></span> 
     </span>
     <span class='ocr_line' id='line_1_7' title="bbox 209 999 1487 1082; baseline 0 -18"><span class='ocrx_word' id='word_1_50' title='bbox 209 1020 297 1064; x_wconf 87' lang='lat' dir='ltr'><strong>versu</strong></span> <span class='ocrx_word' id='word_1_51' title='bbox 324 1019 466 1065; x_wconf 88' lang='lat' dir='ltr'><strong>numerus</strong></span> <span class='ocrx_word' id='word_1_52' title='bbox 493 1019 616 1082; x_wconf 86' lang='lat' dir='ltr'><strong>prorsus</strong></span> <span class='ocrx_word' id='word_1_53' title='bbox 643 1001 831 1078; x_wconf 87' lang='lat' dir='ltr'><strong>immutatur,</strong></span> <span class='ocrx_word' id='word_1_54' title='bbox 863 1010 892 1064; x_wconf 89' lang='lat' dir='ltr'><strong>et</strong></span> <span class='ocrx_word' id='word_1_55' title='bbox 920 1001 1016 1066; x_wconf 87' lang='lat' dir='ltr'><strong>suhito</strong></span> <span class='ocrx_word' id='word_1_56' title='bbox 1045 1021 1064 1064; x_wconf 92' lang='lat' dir='ltr'><strong>a</strong></span> <span class='ocrx_word' id='word_1_57' title='bbox 1092 999 1214 1082; x_wconf 78' lang='lat' dir='ltr'>dactylis</span> <span class='ocrx_word' id='word_1_58' title='bbox 1243 999 1279 1062; x_wconf 92' lang='lat' dir='ltr'><strong>ad</strong></span> <span class='ocrx_word' id='word_1_59' title='bbox 1308 1009 1487 1082; x_wconf 75' lang='lat' dir='ltr'><strong>anapaestos</strong></span> 
     </span>
     <span class='ocr_line' id='line_1_8' title="bbox 210 1102 544 1190; baseline -0.003 -25"><span class='ocrx_word' id='word_1_60' title='bbox 210 1104 304 1190; x_wconf 78' lang='lat' dir='ltr'><strong>tactus</strong></span> <span class='ocrx_word' id='word_1_61' title='bbox 326 1110 372 1166; x_wconf 88' lang='lat' dir='ltr'><strong>est</strong></span> <span class='ocrx_word' id='word_1_62' title='bbox 394 1102 544 1166; x_wconf 82' lang='lat' dir='ltr'><strong>transitus.</strong></span> 
     </span>
    </p>

    <p class='ocr_par' dir='ltr' id='par_1_3' title="bbox 209 1201 1565 1792">
     <span class='ocr_line' id='line_1_9' title="bbox 223 1201 1488 1286; baseline -0.002 -17"><span class='ocrx_word' id='word_1_63' title='bbox 223 1260 227 1269; x_wconf 87' lang='lat'><strong>.</strong></span> <span class='ocrx_word' id='word_1_64' title='bbox 295 1204 382 1286; x_wconf 75' lang='lat' dir='ltr'><strong>hhqrri</strong></span> <span class='ocrx_word' id='word_1_65' title='bbox 404 1212 539 1284; x_wconf 85' lang='lat' dir='ltr'><strong>apertum</strong></span> <span class='ocrx_word' id='word_1_66' title='bbox 561 1211 607 1266; x_wconf 92' lang='lat' dir='ltr'><strong>est</strong></span> <span class='ocrx_word' id='word_1_67' title='bbox 627 1201 809 1267; x_wconf 88' lang='lat' dir='ltr'><strong>moderatam</strong></span> <span class='ocrx_word' id='word_1_68' title='bbox 831 1221 1022 1268; x_wconf 86' lang='lat' dir='ltr'><strong>numerorum</strong></span> <span class='ocrx_word' id='word_1_69' title='bbox 1038 1202 1177 1284; x_wconf 89' lang='lat' dir='ltr'><strong>quietem,</strong></span> <span class='ocrx_word' id='word_1_70' title='bbox 1200 1212 1230 1265; x_wconf 90' lang='lat' dir='ltr'><strong>et</strong></span> <span class='ocrx_word' id='word_1_71' title='bbox 1243 1221 1364 1280; x_wconf 82' lang='lat' dir='ltr'><strong>suarem</strong></span> <span class='ocrx_word' id='word_1_72' title='bbox 1379 1221 1488 1284; x_wconf 57' lang='lat' dir='ltr'><strong>aequa*</strong></span> 
     </span>
     <span class='ocr_line' id='line_1_10' title="bbox 210 1305 1489 1388; baseline -0.002 -18"><span class='ocrx_word' id='word_1_73' title='bbox 210 1307 362 1382; x_wconf 88' lang='lat' dir='ltr'><strong>bilitatem,</strong></span> <span class='ocrx_word' id='word_1_74' title='bbox 383 1305 477 1386; x_wconf 75' lang='lat' dir='ltr'><strong>magis</strong></span> <span class='ocrx_word' id='word_1_75' title='bbox 499 1305 656 1386; x_wconf 83' lang='lat' dir='ltr'><strong>cumipse</strong></span> <span class='ocrx_word' id='word_1_76' title='bbox 673 1305 774 1386; x_wconf 85' lang='lat' dir='ltr'><strong>poesis</strong></span> <span class='ocrx_word' id='word_1_77' title='bbox 795 1305 896 1386; x_wconf 83' lang='lat' dir='ltr'><strong>opicae</strong></span> <span class='ocrx_word' id='word_1_78' title='bbox 918 1314 1023 1368; x_wconf 90' lang='lat' dir='ltr'><strong>natura</strong></span> <span class='ocrx_word' id='word_1_79' title='bbox 1036 1305 1204 1378; x_wconf 67' lang='lat' dir='ltr'><strong>murenae,</strong></span> <span class='ocrx_word' id='word_1_80' title='bbox 1227 1313 1329 1388; x_wconf 87' lang='lat' dir='ltr'><strong>utpote</strong></span> <span class='ocrx_word' id='word_1_81' title='bbox 1345 1323 1423 1385; x_wconf 88' lang='lat' dir='ltr'><strong>quae</strong></span> <span class='ocrx_word' id='word_1_82' title='bbox 1437 1322 1489 1368; x_wconf 87' lang='lat' dir='ltr'><strong>res</strong></span> 
     </span>
     <span class='ocr_line' id='line_1_11' title="bbox 210 1391 1489 1490; baseline 0 -20"><span class='ocrx_word' id='word_1_83' title='bbox 210 1417 309 1490; x_wconf 77' lang='lat' dir='ltr'><strong>gestas</strong></span> <span class='ocrx_word' id='word_1_84' title='bbox 337 1406 421 1488; x_wconf 87' lang='lat' dir='ltr'><strong>quasi</strong></span> <span class='ocrx_word' id='word_1_85' title='bbox 442 1406 474 1469; x_wconf 92' lang='lat' dir='ltr'><strong>in</strong></span> <span class='ocrx_word' id='word_1_86' title='bbox 495 1406 583 1486; x_wconf 79' lang='lat' dir='ltr'><strong>longa</strong></span> <span class='ocrx_word' id='word_1_87' title='bbox 604 1405 703 1471; x_wconf 90' lang='lat' dir='ltr'><strong>tabula</strong></span> <span class='ocrx_word' id='word_1_88' title='bbox 724 1407 855 1487; x_wconf 83' lang='lat' dir='ltr'><strong>depictas</strong></span> <span class='ocrx_word' id='word_1_89' title='bbox 876 1405 1035 1469; x_wconf 88' lang='lat' dir='ltr'><strong>lectoribus</strong></span> <span class='ocrx_word' id='word_1_90' title='bbox 1057 1391 1219 1488; x_wconf 88' lang='lat' dir='ltr'><strong>proponat,</strong></span> <span class='ocrx_word' id='word_1_91' title='bbox 1248 1425 1337 1487; x_wconf 85' lang='lat' dir='ltr'><strong>quam</strong></span> <span class='ocrx_word' id='word_1_92' title='bbox 1358 1404 1489 1470; x_wconf 85' lang='lat' dir='ltr'><strong>concita·</strong></span> 
     </span>
     <span class='ocr_line' id='line_1_12' title="bbox 209 1507 1489 1604; baseline -0.002 -32"><span class='ocrx_word' id='word_1_93' title='bbox 209 1517 275 1572; x_wconf 86' lang='lat' dir='ltr'><strong>tum</strong></span> <span class='ocrx_word' id='word_1_94' title='bbox 296 1517 458 1574; x_wconf 75' lang='lat' dir='ltr'><strong>memorum</strong></span> <span class='ocrx_word' id='word_1_95' title='bbox 480 1523 610 1572; x_wconf 81' lang='lat' dir='ltr'><strong>cursum</strong></span> <span class='ocrx_word' id='word_1_96' title='bbox 654 1507 740 1570; x_wconf 85' lang='lat' dir='ltr'><strong>Unde</strong></span> <span class='ocrx_word' id='word_1_97' title='bbox 764 1508 838 1570; x_wconf 83' lang='lat' dir='ltr'><strong>iliad</strong></span> <span class='ocrx_word' id='word_1_98' title='bbox 858 1515 930 1589; x_wconf 92' lang='lat' dir='ltr'><strong>puto</strong></span> <span class='ocrx_word' id='word_1_99' title='bbox 953 1508 1095 1588; x_wconf 86' lang='lat' dir='ltr'><strong>sequitur,</strong></span> <span class='ocrx_word' id='word_1_100' title='bbox 1118 1508 1289 1588; x_wconf 76' lang='lat' dir='ltr'><strong>primariam</strong></span> <span class='ocrx_word' id='word_1_101' title='bbox 1309 1523 1413 1604; x_wconf 67' lang='lat' dir='ltr'><strong>reram</strong></span> <span class='ocrx_word' id='word_1_102' title='bbox 1435 1507 1489 1570; x_wconf 90' lang='lat' dir='ltr'><strong>he·</strong></span> 
     </span>
     <span class='ocr_line' id='line_1_13' title="bbox 210 1593 1565 1690; baseline -0.001 -16"><span class='ocrx_word' id='word_1_103' title='bbox 210 1611 283 1674; x_wconf 87' lang='lat' dir='ltr'><strong>roici</strong></span> <span class='ocrx_word' id='word_1_104' title='bbox 305 1627 458 1674; x_wconf 88' lang='lat' dir='ltr'><strong>caesuram</strong></span> <span class='ocrx_word' id='word_1_105' title='bbox 479 1627 546 1673; x_wconf 89' lang='lat' dir='ltr'><strong>eam</strong></span> <span class='ocrx_word' id='word_1_106' title='bbox 567 1600 744 1689; x_wconf 74' lang='lat' dir='ltr'><strong>essequam</strong></span> <span class='ocrx_word' id='word_1_107' title='bbox 766 1618 834 1690; x_wconf 87' lang='lat' dir='ltr'><strong>post</strong></span> <span class='ocrx_word' id='word_1_108' title='bbox 854 1610 976 1674; x_wconf 86' lang='lat' dir='ltr'><strong>tertiam</strong></span> <span class='ocrx_word' id='word_1_109' title='bbox 990 1611 1162 1674; x_wconf 73' lang='lat' dir='ltr'><strong>trochaeum</strong></span> <span class='ocrx_word' id='word_1_110' title='bbox 1176 1610 1292 1686; x_wconf 78' lang='lat' dir='ltr'><strong>samana,</strong></span> <span class='ocrx_word' id='word_1_111' title='bbox 1315 1609 1490 1680; x_wconf 75' lang='lat' dir='ltr'><strong>conamen</strong></span> <span class='ocrx_word' id='word_1_112' title='bbox 1562 1593 1565 1612; x_wconf 69' lang='lat'>¹</span> 
     </span>
     <span class='ocr_line' id='line_1_14' title="bbox 210 1709 1490 1792; baseline -0.002 -16"><span class='ocrx_word' id='word_1_113' title='bbox 210 1712 346 1776; x_wconf 84' lang='lat' dir='ltr'><strong>dicimus.</strong></span> <span class='ocrx_word' id='word_1_114' title='bbox 389 1711 484 1790; x_wconf 74' lang='lat' dir='ltr'><strong>Atque</strong></span> <span class='ocrx_word' id='word_1_115' title='bbox 510 1711 568 1773; x_wconf 91' lang='lat' dir='ltr'><strong>hoc</strong></span> <span class='ocrx_word' id='word_1_116' title='bbox 593 1728 628 1772; x_wconf 87' lang='lat' dir='ltr'><strong>re</strong></span> <span class='ocrx_word' id='word_1_117' title='bbox 655 1727 722 1772; x_wconf 83' lang='lat' dir='ltr'><strong>vera</strong></span> <span class='ocrx_word' id='word_1_118' title='bbox 748 1709 789 1772; x_wconf 89' lang='lat' dir='ltr'><strong>ita</strong></span> <span class='ocrx_word' id='word_1_119' title='bbox 818 1727 884 1775; x_wconf 79' lang='lat' dir='ltr'><strong>esse</strong></span> <span class='ocrx_word' id='word_1_120' title='bbox 911 1711 996 1774; x_wconf 80' lang='lat' dir='ltr'><strong>facilc</strong></span> <span class='ocrx_word' id='word_1_121' title='bbox 1023 1711 1050 1774; x_wconf 86' lang='lat' dir='ltr'><strong>is</strong></span> <span class='ocrx_word' id='word_1_122' title='bbox 1071 1711 1214 1792; x_wconf 66' lang='lat' dir='ltr'><strong>intelliget</strong></span> <span class='ocrx_word' id='word_1_123' title='bbox 1235 1710 1286 1791; x_wconf 91' lang='lat' dir='ltr'><strong>qui</strong></span> <span class='ocrx_word' id='word_1_124' title='bbox 1308 1709 1490 1776; x_wconf 67' lang='lat' dir='ltr'><strong>ommino</strong></span> 
     </span>
    </p>
   </div>
   <div class='ocr_carea' id='block_1_3' title="bbox 209 1811 1656 1902">
    <p class='ocr_par' dir='ltr' id='par_1_4' title="bbox 209 1811 1656 1902">
     <span class='ocr_line' id='line_1_15' title="bbox 209 1811 1656 1902; baseline 0.003 -27"><span class='ocrx_word' id='word_1_125' title='bbox 209 1813 340 1876; x_wconf 75' lang='lat' dir='ltr'><strong>cumina</strong></span> <span class='ocrx_word' id='word_1_126' title='bbox 370 1811 453 1892; x_wconf 85' lang='lat' dir='ltr'><strong>opica</strong></span> <span class='ocrx_word' id='word_1_127' title='bbox 479 1811 644 1876; x_wconf 82' lang='lat' dir='ltr'><strong>accuratius</strong></span> <span class='ocrx_word' id='word_1_128' title='bbox 671 1811 840 1876; x_wconf 80' lang='lat' dir='ltr'><strong>examinare</strong></span> <span class='ocrx_word' id='word_1_129' title='bbox 860 1811 937 1874; x_wconf 88' lang='lat' dir='ltr'><strong>velit.</strong></span> <span class='ocrx_word' id='word_1_130' title='bbox 981 1813 1084 1894; x_wconf 88' lang='lat' dir='ltr'><strong>ltaque</strong></span> <span class='ocrx_word' id='word_1_131' title='bbox 1105 1811 1199 1892; x_wconf 74' lang='lat' dir='ltr'><strong>magis</strong></span> <span class='ocrx_word' id='word_1_132' title='bbox 1220 1829 1256 1874; x_wconf 90' lang='lat' dir='ltr'><strong>ea</strong></span> <span class='ocrx_word' id='word_1_133' title='bbox 1277 1811 1382 1892; x_wconf 68' lang='lat' dir='ltr'><strong>proha</strong></span> <span class='ocrx_word' id='word_1_134' title='bbox 1411 1827 1489 1891; x_wconf 62' lang='lat' dir='ltr'><strong>maa</strong></span> <span class='ocrx_word' id='word_1_135' title='bbox 1557 1888 1559 1896; x_wconf 20' lang='lat' dir='ltr'><strong><em>J</em></strong></span> <span class='ocrx_word' id='word_1_136' title='bbox 1655 1891 1656 1902; x_wconf 9' lang='grc' dir='ltr'>ἵ</span> 
     </span>
    </p>
   </div>
   <div class='ocr_carea' id='block_1_4' title="bbox 208 1909 1563 3616">
    <p class='ocr_par' dir='ltr' id='par_1_5' title="bbox 208 1909 1563 3616">
     <span class='ocr_line' id='line_1_16' title="bbox 210 1909 1489 1994; baseline 0 -18"><span class='ocrx_word' id='word_1_137' title='bbox 210 1909 289 1994; x_wconf 86' lang='lat' dir='ltr'><strong>apud</strong></span> <span class='ocrx_word' id='word_1_138' title='bbox 311 1913 522 1976; x_wconf 85' lang='lat' dir='ltr'><strong>llodinanoum</strong></span> <span class='ocrx_word' id='word_1_139' title='bbox 542 1913 689 1992; x_wconf 78' lang='lat' dir='ltr'><strong>leguntur,</strong></span> <span class='ocrx_word' id='word_1_140' title='bbox 711 1920 838 1992; x_wconf 84' lang='lat' dir='ltr'><strong>quaestt.</strong></span> <span class='ocrx_word' id='word_1_141' title='bbox 861 1913 980 1976; x_wconf 81' lang='lat' dir='ltr'><strong>Homer.</strong></span> <span class='ocrx_word' id='word_1_142' title='bbox 1004 1914 1027 1975; x_wconf 89' lang='lat' dir='ltr'><strong>l.</strong></span> <span class='ocrx_word' id='word_1_143' title='bbox 1049 1933 1079 1993; x_wconf 95' lang='lat' dir='ltr'><strong>p.</strong></span> <span class='ocrx_word' id='word_1_144' title='bbox 1099 1916 1137 1978; x_wconf 80' lang='lat' dir='ltr'><strong>ta</strong></span> <span class='ocrx_word' id='word_1_145' title='bbox 1160 1923 1190 1978; x_wconf 89' lang='lat' dir='ltr'><strong>ct</strong></span> <span class='ocrx_word' id='word_1_146' title='bbox 1211 1912 1489 1978; x_wconf 70' lang='lat' dir='ltr'><strong>demulceamur</strong></span> 
     </span>
     <span class='ocr_line' id='line_1_17' title="bbox 209 2009 1489 2096; baseline 0.002 -20"><span class='ocrx_word' id='word_1_147' title='bbox 209 2014 270 2076; x_wconf 88' lang='lat' dir='ltr'><strong>iam</strong></span> <span class='ocrx_word' id='word_1_148' title='bbox 291 2033 308 2076; x_wconf 92' lang='lat' dir='ltr'><strong>a</strong></span> <span class='ocrx_word' id='word_1_149' title='bbox 331 2013 485 2094; x_wconf 86' lang='lat' dir='ltr'><strong>Spitznero</strong></span> <span class='ocrx_word' id='word_1_150' title='bbox 506 2014 620 2095; x_wconf 91' lang='lat' dir='ltr'><strong>prolata</strong></span> <span class='ocrx_word' id='word_1_151' title='bbox 642 2024 721 2090; x_wconf 86' lang='lat' dir='ltr'><strong>sunt,</strong></span> <span class='ocrx_word' id='word_1_152' title='bbox 743 2014 781 2078; x_wconf 87' lang='lat' dir='ltr'><strong>de</strong></span> <span class='ocrx_word' id='word_1_153' title='bbox 802 2031 890 2078; x_wconf 82' lang='lat' dir='ltr'><strong>versu</strong></span> <span class='ocrx_word' id='word_1_154' title='bbox 910 2009 974 2077; x_wconf 89' lang='lat' dir='ltr'><strong>her.</strong></span> <span class='ocrx_word' id='word_1_155' title='bbox 996 2019 1073 2096; x_wconf 76' lang='lat' dir='ltr'><strong>po.</strong></span> <span class='ocrx_word' id='word_1_156' title='bbox 1089 2017 1120 2090; x_wconf 84' lang='lat'><strong>6,</strong></span> <span class='ocrx_word' id='word_1_157' title='bbox 1152 2033 1242 2095; x_wconf 60' lang='lat' dir='ltr'><strong>pam</strong></span> <span class='ocrx_word' id='word_1_158' title='bbox 1265 2033 1342 2095; x_wconf 85' lang='lat' dir='ltr'><strong>quaa</strong></span> <span class='ocrx_word' id='word_1_159' title='bbox 1362 2014 1397 2076; x_wconf 88' lang='lat' dir='ltr'><strong>in</strong></span> <span class='ocrx_word' id='word_1_160' title='bbox 1415 2031 1489 2078; x_wconf 89' lang='lat' dir='ltr'><strong>con·</strong></span> 
     </span>
     <span class='ocr_line' id='line_1_18' title="bbox 209 2115 1488 2197; baseline 0 -19"><span class='ocrx_word' id='word_1_161' title='bbox 209 2116 331 2182; x_wconf 87' lang='lat' dir='ltr'><strong>trariam</strong></span> <span class='ocrx_word' id='word_1_162' title='bbox 353 2122 468 2196; x_wconf 83' lang='lat' dir='ltr'><strong>partem</strong></span> <span class='ocrx_word' id='word_1_163' title='bbox 483 2115 672 2178; x_wconf 88' lang='lat' dir='ltr'><strong>Hermannus</strong></span> <span class='ocrx_word' id='word_1_164' title='bbox 695 2115 861 2196; x_wconf 85' lang='lat' dir='ltr'><strong>disputavit,</strong></span> <span class='ocrx_word' id='word_1_165' title='bbox 884 2116 956 2180; x_wconf 90' lang='lat' dir='ltr'><strong>diss.</strong></span> <span class='ocrx_word' id='word_1_166' title='bbox 971 2117 1009 2180; x_wconf 88' lang='lat' dir='ltr'><strong>de</strong></span> <span class='ocrx_word' id='word_1_167' title='bbox 1026 2115 1118 2196; x_wconf 81' lang='lat' dir='ltr'><strong>orph.</strong></span> <span class='ocrx_word' id='word_1_168' title='bbox 1141 2135 1171 2197; x_wconf 94' lang='lat' dir='ltr'><strong>p.</strong></span> <span class='ocrx_word' id='word_1_169' title='bbox 1188 2119 1261 2182; x_wconf 75' lang='grc'><strong>602.</strong></span> <span class='ocrx_word' id='word_1_170' title='bbox 1283 2116 1377 2180; x_wconf 84' lang='lat' dir='ltr'><strong>Elem.</strong></span> <span class='ocrx_word' id='word_1_171' title='bbox 1392 2117 1488 2180; x_wconf 80' lang='lat' dir='ltr'><strong>doctr.</strong></span> 
     </span>
     <span class='ocr_line' id='line_1_19' title="bbox 209 2215 1491 2298; baseline 0.005 -20"><span class='ocrx_word' id='word_1_172' title='bbox 209 2225 297 2280; x_wconf 88' lang='lat' dir='ltr'><strong>metr.</strong></span> <span class='ocrx_word' id='word_1_173' title='bbox 319 2235 349 2298; x_wconf 91' lang='lat' dir='ltr'><strong>p.</strong></span> <span class='ocrx_word' id='word_1_174' title='bbox 367 2219 439 2282; x_wconf 80' lang='lat'><strong>336.</strong></span> <span class='ocrx_word' id='word_1_175' title='bbox 456 2217 528 2282; x_wconf 84' lang='grc'><strong>337.</strong></span> <span class='ocrx_word' id='word_1_176' title='bbox 566 2215 642 2288; x_wconf 82' lang='lat' dir='ltr'><strong>Dicit</strong></span> <span class='ocrx_word' id='word_1_177' title='bbox 663 2225 769 2288; x_wconf 70' lang='lat' dir='ltr'><strong>,autom</strong></span> <span class='ocrx_word' id='word_1_178' title='bbox 790 2217 1001 2280; x_wconf 82' lang='lat' dir='ltr'><strong>llodmanaus:</strong></span> <span class='ocrx_word' id='word_1_179' title='bbox 1031 2217 1151 2283; x_wconf 82' lang='lat' dir='ltr'><strong>‘lliliert</strong></span> <span class='ocrx_word' id='word_1_180' title='bbox 1172 2217 1292 2297; x_wconf 86' lang='lat' dir='ltr'><strong>quidem</strong></span> <span class='ocrx_word' id='word_1_181' title='bbox 1314 2218 1491 2285; x_wconf 70' lang='lat' dir='ltr'><strong>limatius·</strong></span> 
     </span>
     <span class='ocr_line' id='line_1_20' title="bbox 208 2317 1491 2400; baseline 0.004 -21"><span class='ocrx_word' id='word_1_182' title='bbox 208 2335 312 2380; x_wconf 73' lang='lat' dir='ltr'><strong>rusus</strong></span> <span class='ocrx_word' id='word_1_183' title='bbox 334 2317 375 2380; x_wconf 89' lang='lat' dir='ltr'><strong>ita</strong></span> <span class='ocrx_word' id='word_1_184' title='bbox 397 2318 433 2380; x_wconf 87' lang='lat' dir='ltr'><strong>ah</strong></span> <span class='ocrx_word' id='word_1_185' title='bbox 454 2317 615 2382; x_wconf 85' lang='lat' dir='ltr'><strong>llnratiaho</strong></span> <span class='ocrx_word' id='word_1_186' title='bbox 637 2327 667 2380; x_wconf 90' lang='lat' dir='ltr'><strong>et</strong></span> <span class='ocrx_word' id='word_1_187' title='bbox 680 2318 847 2399; x_wconf 75' lang='lat' dir='ltr'><strong>virgiliano,</strong></span> <span class='ocrx_word' id='word_1_188' title='bbox 870 2328 904 2382; x_wconf 91' lang='lat' dir='ltr'><strong>nt</strong></span> <span class='ocrx_word' id='word_1_189' title='bbox 925 2320 1003 2400; x_wconf 89' lang='lat' dir='ltr'><strong>apud</strong></span> <span class='ocrx_word' id='word_1_190' title='bbox 1025 2317 1149 2384; x_wconf 86' lang='lat' dir='ltr'><strong>Latinos</strong></span> <span class='ocrx_word' id='word_1_191' title='bbox 1168 2329 1272 2400; x_wconf 86' lang='lat' dir='ltr'><strong>poetas</strong></span> <span class='ocrx_word' id='word_1_192' title='bbox 1293 2319 1372 2385; x_wconf 79' lang='lat' dir='ltr'><strong>iuter</strong></span> <span class='ocrx_word' id='word_1_193' title='bbox 1394 2320 1491 2384; x_wconf 79' lang='lat' dir='ltr'><strong>danea</strong></span> 
     </span>
     <span class='ocr_line' id='line_1_21' title="bbox 209 2419 1489 2502; baseline 0.005 -22"><span class='ocrx_word' id='word_1_194' title='bbox 209 2435 313 2482; x_wconf 82' lang='lat' dir='ltr'><strong>versus</strong></span> <span class='ocrx_word' id='word_1_195' title='bbox 334 2419 545 2500; x_wconf 74' lang='lat' dir='ltr'><strong>semiquinaria</strong></span> <span class='ocrx_word' id='word_1_196' title='bbox 567 2437 688 2482; x_wconf 71' lang='lat' dir='ltr'><strong>caesam</strong></span> <span class='ocrx_word' id='word_1_197' title='bbox 711 2419 908 2484; x_wconf 88' lang='lat' dir='ltr'><strong>distineantur</strong></span> <span class='ocrx_word' id='word_1_198' title='bbox 929 2420 1051 2496; x_wconf 88' lang='lat' dir='ltr'><strong>noveni,</strong></span> <span class='ocrx_word' id='word_1_199' title='bbox 1080 2421 1232 2502; x_wconf 85' lang='lat' dir='ltr'><strong>multoque</strong></span> <span class='ocrx_word' id='word_1_200' title='bbox 1253 2421 1350 2484; x_wconf 80' lang='lat' dir='ltr'><strong>raritas</strong></span> <span class='ocrx_word' id='word_1_201' title='bbox 1370 2422 1489 2486; x_wconf 78' lang='lat' dir='ltr'><strong>mallim</strong></span> 
     </span>
     <span class='ocr_line' id='line_1_22' title="bbox 208 2519 1490 2605; baseline 0.005 -23"><span class='ocrx_word' id='word_1_202' title='bbox 208 2519 260 2582; x_wconf 89' lang='lat' dir='ltr'><strong>illa</strong></span> <span class='ocrx_word' id='word_1_203' title='bbox 288 2538 410 2602; x_wconf 78' lang='lat' dir='ltr'><strong>caesura</strong></span> <span class='ocrx_word' id='word_1_204' title='bbox 431 2519 611 2601; x_wconf 65' lang='lat' dir='ltr'><strong>repedatum</strong></span> <span class='ocrx_word' id='word_1_205' title='bbox 639 2529 742 2584; x_wconf 87' lang='lat' dir='ltr'><strong>contra</strong></span> <span class='ocrx_word' id='word_1_206' title='bbox 765 2521 844 2602; x_wconf 91' lang='lat' dir='ltr'><strong>apud</strong></span> <span class='ocrx_word' id='word_1_207' title='bbox 866 2520 1027 2584; x_wconf 88' lang='lat' dir='ltr'><strong>Homerum</strong></span> <span class='ocrx_word' id='word_1_208' title='bbox 1048 2531 1173 2605; x_wconf 87' lang='lat' dir='ltr'><strong>utraque</strong></span> <span class='ocrx_word' id='word_1_209' title='bbox 1195 2541 1318 2586; x_wconf 86' lang='lat' dir='ltr'><strong>caesura</strong></span> <span class='ocrx_word' id='word_1_210' title='bbox 1339 2525 1402 2591; x_wconf 79' lang='lat' dir='ltr'><strong>lara</strong></span> <span class='ocrx_word' id='word_1_211' title='bbox 1423 2524 1490 2604; x_wconf 80' lang='lat' dir='ltr'><strong>pari</strong></span> 
     </span>
     <span class='ocr_line' id='line_1_23' title="bbox 210 2611 1490 2706; baseline 0.006 -22"><span class='ocrx_word' id='word_1_212' title='bbox 210 2639 335 2684; x_wconf 86' lang='lat' dir='ltr'><strong>numero</strong></span> <span class='ocrx_word' id='word_1_213' title='bbox 356 2611 485 2702; x_wconf 85' lang='lat' dir='ltr'><strong>legatur,</strong></span> <span class='ocrx_word' id='word_1_214' title='bbox 515 2623 568 2684; x_wconf 89' lang='lat' dir='ltr'><strong>sed</strong></span> <span class='ocrx_word' id='word_1_215' title='bbox 589 2621 688 2703; x_wconf 88' lang='lat' dir='ltr'><strong>paullo</strong></span> <span class='ocrx_word' id='word_1_216' title='bbox 710 2622 829 2704; x_wconf 88' lang='lat' dir='ltr'><strong>saepius</strong></span> <span class='ocrx_word' id='word_1_217' title='bbox 850 2640 971 2686; x_wconf 83' lang='lat' dir='ltr'><strong>caesura</strong></span> <span class='ocrx_word' id='word_1_218' title='bbox 993 2623 1156 2688; x_wconf 81' lang='lat' dir='ltr'><strong>trochaica:</strong></span> <span class='ocrx_word' id='word_1_219' title='bbox 1189 2633 1220 2690; x_wconf 80' lang='lat' dir='ltr'><strong>ct</strong></span> <span class='ocrx_word' id='word_1_220' title='bbox 1241 2625 1433 2706; x_wconf 75' lang='lat' dir='ltr'><strong>apparuerat</strong></span> <span class='ocrx_word' id='word_1_221' title='bbox 1449 2641 1490 2692; x_wconf 73' lang='lat' dir='ltr'><strong>cx</strong></span> 
     </span>
     <span class='ocr_line' id='line_1_24' title="bbox 208 2721 1488 2806; baseline 0.005 -22"><span class='ocrx_word' id='word_1_222' title='bbox 208 2721 266 2786; x_wconf 90' lang='lat' dir='ltr'><strong>hac</strong></span> <span class='ocrx_word' id='word_1_223' title='bbox 285 2743 425 2787; x_wconf 80' lang='lat' dir='ltr'><strong>vemuum</strong></span> <span class='ocrx_word' id='word_1_224' title='bbox 447 2723 659 2805; x_wconf 86' lang='lat' dir='ltr'><strong>compositione</strong></span> <span class='ocrx_word' id='word_1_225' title='bbox 681 2725 845 2788; x_wconf 87' lang='lat' dir='ltr'><strong>carminum</strong></span> <span class='ocrx_word' id='word_1_226' title='bbox 859 2725 1083 2791; x_wconf 84' lang='lat' dir='ltr'><strong>Homericorum</strong></span> <span class='ocrx_word' id='word_1_227' title='bbox 1099 2727 1183 2806; x_wconf 86' lang='lat' dir='ltr'><strong>quies</strong></span> <span class='ocrx_word' id='word_1_228' title='bbox 1197 2735 1229 2790; x_wconf 88' lang='lat' dir='ltr'><strong>ct</strong></span> <span class='ocrx_word' id='word_1_229' title='bbox 1241 2725 1371 2790; x_wconf 86' lang='lat' dir='ltr'><strong>lenitas&#39;.</strong></span> <span class='ocrx_word' id='word_1_230' title='bbox 1394 2726 1488 2790; x_wconf 70' lang='lat' dir='ltr'><strong>rouro</strong></span> 
     </span>
     <span class='ocr_line' id='line_1_25' title="bbox 208 2824 1493 2914; baseline 0.003 -28"><span class='ocrx_word' id='word_1_231' title='bbox 208 2824 267 2886; x_wconf 91' lang='lat' dir='ltr'><strong>hoo</strong></span> <span class='ocrx_word' id='word_1_232' title='bbox 289 2843 406 2914; x_wconf 84' lang='lat' dir='ltr'><strong>queque</strong></span> <span class='ocrx_word' id='word_1_233' title='bbox 428 2826 486 2888; x_wconf 92' lang='lat' dir='ltr'><strong>iam</strong></span> <span class='ocrx_word' id='word_1_234' title='bbox 509 2826 587 2905; x_wconf 90' lang='lat' dir='ltr'><strong>apud</strong></span> <span class='ocrx_word' id='word_1_235' title='bbox 610 2826 832 2904; x_wconf 89' lang='lat' dir='ltr'><strong>antiquissimos</strong></span> <span class='ocrx_word' id='word_1_236' title='bbox 853 2835 957 2906; x_wconf 89' lang='lat' dir='ltr'><strong>poetas</strong></span> <span class='ocrx_word' id='word_1_237' title='bbox 978 2827 1151 2890; x_wconf 85' lang='lat' dir='ltr'><strong>observasse</strong></span> <span class='ocrx_word' id='word_1_238' title='bbox 1171 2827 1244 2890; x_wconf 87' lang='lat' dir='ltr'><strong>mihi</strong></span> <span class='ocrx_word' id='word_1_239' title='bbox 1264 2828 1368 2892; x_wconf 84' lang='lat' dir='ltr'><strong>videor</strong></span> <span class='ocrx_word' id='word_1_240' title='bbox 1382 2843 1493 2890; x_wconf 72' lang='lat' dir='ltr'><strong>marim·</strong></span> 
     </span>
     <span class='ocr_line' id='line_1_26' title="bbox 208 2925 1563 3006; baseline 0 -20"><span class='ocrx_word' id='word_1_241' title='bbox 208 2941 357 3002; x_wconf 82' lang='lat' dir='ltr'><strong>versuum,</strong></span> <span class='ocrx_word' id='word_1_242' title='bbox 380 2943 506 3006; x_wconf 90' lang='lat' dir='ltr'><strong>quorum</strong></span> <span class='ocrx_word' id='word_1_243' title='bbox 528 2925 648 2988; x_wconf 88' lang='lat' dir='ltr'><strong>ordines</strong></span> <span class='ocrx_word' id='word_1_244' title='bbox 670 2943 823 2990; x_wconf 89' lang='lat' dir='ltr'><strong>caesuram</strong></span> <span class='ocrx_word' id='word_1_245' title='bbox 837 2927 1015 2990; x_wconf 85' lang='lat' dir='ltr'><strong>trochaicam</strong></span> <span class='ocrx_word' id='word_1_246' title='bbox 1029 2947 1091 2990; x_wconf 88' lang='lat' dir='ltr'><strong>non</strong></span> <span class='ocrx_word' id='word_1_247' title='bbox 1106 2925 1309 3004; x_wconf 80' lang='lat' dir='ltr'><strong>admittebant,</strong></span> <span class='ocrx_word' id='word_1_248' title='bbox 1333 2942 1487 2990; x_wconf 72' lang='lat' dir='ltr'><strong>masuram</strong></span> <span class='ocrx_word' id='word_1_249' title='bbox 1556 2970 1563 2986; x_wconf 85' lang='lat'><strong>.</strong></span> 
     </span>
     <span class='ocr_line' id='line_1_27' title="bbox 209 3025 1487 3108; baseline 0.002 -18"><span class='ocrx_word' id='word_1_250' title='bbox 209 3026 372 3090; x_wconf 85' lang='lat' dir='ltr'><strong>masculam</strong></span> <span class='ocrx_word' id='word_1_251' title='bbox 393 3025 457 3088; x_wconf 91' lang='lat' dir='ltr'><strong>aliis</strong></span> <span class='ocrx_word' id='word_1_252' title='bbox 480 3025 657 3108; x_wconf 81' lang='lat' dir='ltr'><strong>quibusdam</strong></span> <span class='ocrx_word' id='word_1_253' title='bbox 679 3028 810 3090; x_wconf 90' lang='lat' dir='ltr'><strong>caesuris</strong></span> <span class='ocrx_word' id='word_1_254' title='bbox 832 3027 1015 3092; x_wconf 83' lang='lat' dir='ltr'><strong>naturalibus</strong></span> <span class='ocrx_word' id='word_1_255' title='bbox 1037 3038 1117 3094; x_wconf 89' lang='lat' dir='ltr'><strong>certa</strong></span> <span class='ocrx_word' id='word_1_256' title='bbox 1139 3031 1170 3092; x_wconf 92' lang='lat' dir='ltr'><strong>in</strong></span> <span class='ocrx_word' id='word_1_257' title='bbox 1192 3029 1263 3092; x_wconf 90' lang='lat' dir='ltr'><strong>sede</strong></span> <span class='ocrx_word' id='word_1_258' title='bbox 1279 3028 1386 3092; x_wconf 81' lang='lat' dir='ltr'><strong>amitto</strong></span> <span class='ocrx_word' id='word_1_259' title='bbox 1401 3043 1487 3092; x_wconf 82' lang='lat' dir='ltr'><strong>roca·</strong></span> 
     </span>
     <span class='ocr_line' id='line_1_28' title="bbox 209 3126 1488 3213; baseline 0.003 -22"><span class='ocrx_word' id='word_1_260' title='bbox 209 3129 250 3192; x_wconf 90' lang='lat' dir='ltr'><strong>tis</strong></span> <span class='ocrx_word' id='word_1_261' title='bbox 271 3145 338 3190; x_wconf 87' lang='lat' dir='ltr'><strong>esse</strong></span> <span class='ocrx_word' id='word_1_262' title='bbox 360 3126 550 3202; x_wconf 84' lang='lat' dir='ltr'><strong>debilitatam,</strong></span> <span class='ocrx_word' id='word_1_263' title='bbox 574 3128 847 3209; x_wconf 87' lang='lat' dir='ltr'><strong>semiseptenariam</strong></span> <span class='ocrx_word' id='word_1_264' title='bbox 869 3145 991 3194; x_wconf 88' lang='lat' dir='ltr'><strong>caesura</strong></span> <span class='ocrx_word' id='word_1_265' title='bbox 1013 3131 1232 3213; x_wconf 86' lang='lat' dir='ltr'><strong>semiquinaria,</strong></span> <span class='ocrx_word' id='word_1_266' title='bbox 1265 3131 1344 3192; x_wconf 91' lang='lat' dir='ltr'><strong>hanc</strong></span> <span class='ocrx_word' id='word_1_267' title='bbox 1363 3138 1417 3194; x_wconf 89' lang='lat' dir='ltr'><strong>aut</strong></span> <span class='ocrx_word' id='word_1_268' title='bbox 1435 3129 1488 3204; x_wconf 65' lang='lat' dir='ltr'><strong>illa,</strong></span> 
     </span>
     <span class='ocr_line' id='line_1_29' title="bbox 209 3229 1488 3309; baseline 0.003 -17"><span class='ocrx_word' id='word_1_269' title='bbox 209 3237 261 3294; x_wconf 87' lang='lat' dir='ltr'><strong>aut</strong></span> <span class='ocrx_word' id='word_1_270' title='bbox 283 3229 485 3292; x_wconf 82' lang='lat' dir='ltr'><strong>semicemaria</strong></span> <span class='ocrx_word' id='word_1_271' title='bbox 507 3230 713 3309; x_wconf 86' lang='lat' dir='ltr'><strong>praecedente.</strong></span> <span class='ocrx_word' id='word_1_272' title='bbox 747 3230 821 3293; x_wconf 88' lang='lat' dir='ltr'><strong>Nam</strong></span> <span class='ocrx_word' id='word_1_273' title='bbox 843 3231 869 3293; x_wconf 91' lang='lat' dir='ltr'><strong>si</strong></span> <span class='ocrx_word' id='word_1_274' title='bbox 891 3231 967 3293; x_wconf 86' lang='lat' dir='ltr'><strong>duae</strong></span> <span class='ocrx_word' id='word_1_275' title='bbox 989 3250 1129 3298; x_wconf 86' lang='lat' dir='ltr'><strong>caesurae</strong></span> <span class='ocrx_word' id='word_1_276' title='bbox 1151 3232 1301 3295; x_wconf 84' lang='lat' dir='ltr'><strong>masculae</strong></span> <span class='ocrx_word' id='word_1_277' title='bbox 1319 3232 1361 3294; x_wconf 88' lang='lat' dir='ltr'><strong>ita</strong></span> <span class='ocrx_word' id='word_1_278' title='bbox 1381 3249 1417 3296; x_wconf 85' lang='lat' dir='ltr'><strong>ac</strong></span> <span class='ocrx_word' id='word_1_279' title='bbox 1438 3249 1488 3296; x_wconf 82' lang='lat' dir='ltr'><strong>cn-</strong></span> 
     </span>
     <span class='ocr_line' id='line_1_30' title="bbox 210 3330 1489 3414; baseline 0.002 -20"><span class='ocrx_word' id='word_1_280' title='bbox 210 3330 337 3412; x_wconf 87' lang='lat' dir='ltr'><strong>clpiunt,</strong></span> <span class='ocrx_word' id='word_1_281' title='bbox 370 3340 405 3394; x_wconf 93' lang='lat' dir='ltr'><strong>ut</strong></span> <span class='ocrx_word' id='word_1_282' title='bbox 433 3330 582 3394; x_wconf 89' lang='lat' dir='ltr'><strong>auditores</strong></span> <span class='ocrx_word' id='word_1_283' title='bbox 611 3331 648 3394; x_wconf 85' lang='lat' dir='ltr'><strong>ad</strong></span> <span class='ocrx_word' id='word_1_284' title='bbox 676 3331 808 3394; x_wconf 78' lang='lat' dir='ltr'><strong>diversas</strong></span> <span class='ocrx_word' id='word_1_285' title='bbox 828 3350 966 3394; x_wconf 84' lang='lat' dir='ltr'><strong>versuum</strong></span> <span class='ocrx_word' id='word_1_286' title='bbox 988 3341 1088 3414; x_wconf 82' lang='lat' dir='ltr'><strong>panes</strong></span> <span class='ocrx_word' id='word_1_287' title='bbox 1108 3334 1242 3398; x_wconf 87' lang='lat' dir='ltr'><strong>animum</strong></span> <span class='ocrx_word' id='word_1_288' title='bbox 1262 3333 1414 3398; x_wconf 78' lang='lat' dir='ltr'><strong>advertere</strong></span> <span class='ocrx_word' id='word_1_289' title='bbox 1437 3335 1489 3396; x_wconf 72' lang='lat' dir='ltr'><strong>aa</strong></span> 
     </span>
     <span class='ocr_line' id='line_1_31' title="bbox 209 3428 1488 3514; baseline 0.002 -20"><span class='ocrx_word' id='word_1_290' title='bbox 209 3431 309 3508; x_wconf 83' lang='lat' dir='ltr'><strong>heaut,</strong></span> <span class='ocrx_word' id='word_1_291' title='bbox 332 3431 431 3496; x_wconf 85' lang='lat' dir='ltr'><strong>uduus</strong></span> <span class='ocrx_word' id='word_1_292' title='bbox 452 3433 575 3496; x_wconf 89' lang='lat' dir='ltr'><strong>moleste</strong></span> <span class='ocrx_word' id='word_1_293' title='bbox 596 3432 629 3494; x_wconf 91' lang='lat' dir='ltr'><strong>in</strong></span> <span class='ocrx_word' id='word_1_294' title='bbox 650 3432 774 3513; x_wconf 76' lang='lat' dir='ltr'><strong>singulis</strong></span> <span class='ocrx_word' id='word_1_295' title='bbox 795 3428 868 3496; x_wconf 78' lang='lat' dir='ltr'><strong>ldcis</strong></span> <span class='ocrx_word' id='word_1_296' title='bbox 889 3435 1052 3514; x_wconf 74' lang='lat' dir='ltr'><strong>graviorem</strong></span> <span class='ocrx_word' id='word_1_297' title='bbox 1074 3435 1190 3509; x_wconf 83' lang='lat' dir='ltr'><strong>numeri</strong></span> <span class='ocrx_word' id='word_1_298' title='bbox 1205 3435 1404 3498; x_wconf 78' lang='lat' dir='ltr'><strong>turbationem</strong></span> <span class='ocrx_word' id='word_1_299' title='bbox 1419 3451 1488 3514; x_wconf 82' lang='lat' dir='ltr'><strong>par·</strong></span> 
     </span>
     <span class='ocr_line' id='line_1_32' title="bbox 210 3534 1489 3616; baseline 0.002 -20"><span class='ocrx_word' id='word_1_300' title='bbox 210 3534 329 3616; x_wconf 79' lang='lat' dir='ltr'><strong>cipiunt.</strong></span> <span class='ocrx_word' id='word_1_301' title='bbox 374 3535 410 3596; x_wconf 82' lang='lat' dir='ltr'><strong>ht</strong></span> <span class='ocrx_word' id='word_1_302' title='bbox 431 3551 498 3596; x_wconf 89' lang='lat' dir='ltr'><strong>cum</strong></span> <span class='ocrx_word' id='word_1_303' title='bbox 521 3535 659 3596; x_wconf 88' lang='lat' dir='ltr'><strong>ordinum</strong></span> <span class='ocrx_word' id='word_1_304' title='bbox 680 3542 786 3596; x_wconf 90' lang='lat' dir='ltr'><strong>natura</strong></span> <span class='ocrx_word' id='word_1_305' title='bbox 808 3553 869 3596; x_wconf 91' lang='lat' dir='ltr'><strong>non</strong></span> <span class='ocrx_word' id='word_1_306' title='bbox 892 3554 1011 3616; x_wconf 89' lang='lat' dir='ltr'><strong>semper</strong></span> <span class='ocrx_word' id='word_1_307' title='bbox 1031 3554 1066 3598; x_wconf 91' lang='lat' dir='ltr'><strong>ea</strong></span> <span class='ocrx_word' id='word_1_308' title='bbox 1084 3535 1131 3610; x_wconf 89' lang='lat' dir='ltr'><strong>sit,</strong></span> <span class='ocrx_word' id='word_1_309' title='bbox 1155 3543 1188 3598; x_wconf 90' lang='lat' dir='ltr'><strong>ut</strong></span> <span class='ocrx_word' id='word_1_310' title='bbox 1209 3551 1349 3601; x_wconf 63' lang='lat' dir='ltr'><strong>maurae</strong></span> <span class='ocrx_word' id='word_1_311' title='bbox 1371 3551 1406 3596; x_wconf 86' lang='lat' dir='ltr'><strong>ca</strong></span> <span class='ocrx_word' id='word_1_312' title='bbox 1429 3551 1489 3615; x_wconf 88' lang='lat' dir='ltr'><strong>qua</strong></span> 
     </span>
    </p>
   </div>
   <div class='ocr_carea' id='block_1_5' title="bbox 210 3626 1589 3716">
    <p class='ocr_par' dir='ltr' id='par_1_6' title="bbox 210 3626 1589 3716">
     <span class='ocr_line' id='line_1_33' title="bbox 210 3626 1589 3716; baseline 0.001 -18"><span class='ocrx_word' id='word_1_313' title='bbox 210 3635 336 3698; x_wconf 87' lang='lat' dir='ltr'><strong>diximus</strong></span> <span class='ocrx_word' id='word_1_314' title='bbox 358 3626 472 3698; x_wconf 80' lang='lat' dir='ltr'><strong>radone</strong></span> <span class='ocrx_word' id='word_1_315' title='bbox 494 3635 633 3700; x_wconf 72' lang='lat' dir='ltr'><strong>consutui</strong></span> <span class='ocrx_word' id='word_1_316' title='bbox 654 3635 779 3715; x_wconf 87' lang='lat' dir='ltr'><strong>possint,</strong></span> <span class='ocrx_word' id='word_1_317' title='bbox 801 3634 833 3696; x_wconf 89' lang='lat' dir='ltr'><strong>in</strong></span> <span class='ocrx_word' id='word_1_318' title='bbox 855 3653 891 3696; x_wconf 90' lang='lat' dir='ltr'><strong>eo</strong></span> <span class='ocrx_word' id='word_1_319' title='bbox 913 3635 1085 3714; x_wconf 87' lang='lat' dir='ltr'><strong>saepissime</strong></span> <span class='ocrx_word' id='word_1_320' title='bbox 1102 3627 1318 3715; x_wconf 76' lang='lat' dir='ltr'><strong>¹acquieverunt</strong></span> <span class='ocrx_word' id='word_1_321' title='bbox 1333 3643 1441 3716; x_wconf 77' lang='lat' dir='ltr'><strong>postte</strong></span> <span class='ocrx_word' id='word_1_322' title='bbox 1454 3645 1489 3700; x_wconf 89' lang='lat' dir='ltr'><strong>nt</strong></span> <span class='ocrx_word' id='word_1_323' title='bbox 1584 3635 1589 3642; x_wconf 86' lang='grc'><strong>’</strong></span> 
     </span>
    </p>
   </div>
   <div class='ocr_carea' id='block_1_6' title="bbox 204 3733 1568 4630">
    <p class='ocr_par' dir='ltr' id='par_1_7' title="bbox 204 3733 1568 4630">
     <span class='ocr_line' id='line_1_34' title="bbox 210 3733 1488 3818; baseline 0 -17"><span class='ocrx_word' id='word_1_324' title='bbox 210 3735 439 3818; x_wconf 86' lang='lat' dir='ltr'><strong>semiquinariae</strong></span> <span class='ocrx_word' id='word_1_325' title='bbox 461 3737 547 3800; x_wconf 91' lang='lat' dir='ltr'><strong>aliam</strong></span> <span class='ocrx_word' id='word_1_326' title='bbox 570 3737 748 3800; x_wconf 89' lang='lat' dir='ltr'><strong>subiicerent</strong></span> <span class='ocrx_word' id='word_1_327' title='bbox 769 3753 922 3814; x_wconf 72' lang='lat' dir='ltr'><strong>caesuram</strong></span> <span class='ocrx_word' id='word_1_328' title='bbox 943 3744 1013 3815; x_wconf 90' lang='lat' dir='ltr'><strong>post</strong></span> <span class='ocrx_word' id='word_1_329' title='bbox 1034 3744 1172 3816; x_wconf 83' lang='lat' dir='ltr'><strong>quartum</strong></span> <span class='ocrx_word' id='word_1_330' title='bbox 1193 3733 1348 3816; x_wconf 73' lang='lat' dir='ltr'><strong>dactylum,</strong></span> <span class='ocrx_word' id='word_1_331' title='bbox 1372 3753 1431 3816; x_wconf 86' lang='lat' dir='ltr'><strong>qna</strong></span> <span class='ocrx_word' id='word_1_332' title='bbox 1453 3739 1488 3801; x_wconf 87' lang='lat' dir='ltr'><strong>m</strong></span> 
     </span>
     <span class='ocr_line' id='line_1_35' title="bbox 208 3834 1489 3920; baseline -0.002 -18"><span class='ocrx_word' id='word_1_333' title='bbox 208 3847 243 3902; x_wconf 91' lang='lat' dir='ltr'><strong>ut</strong></span> <span class='ocrx_word' id='word_1_334' title='bbox 264 3839 445 3902; x_wconf 89' lang='lat' dir='ltr'><strong>continuatio</strong></span> <span class='ocrx_word' id='word_1_335' title='bbox 468 3838 600 3920; x_wconf 79' lang='lat' dir='ltr'><strong>dactylici</strong></span> <span class='ocrx_word' id='word_1_336' title='bbox 622 3837 747 3912; x_wconf 84' lang='lat' dir='ltr'><strong>numeri,</strong></span> <span class='ocrx_word' id='word_1_337' title='bbox 769 3834 885 3898; x_wconf 85' lang='lat' dir='ltr'><strong>turbata</strong></span> <span class='ocrx_word' id='word_1_338' title='bbox 909 3836 1092 3916; x_wconf 88' lang='lat' dir='ltr'><strong>aliquantum</strong></span> <span class='ocrx_word' id='word_1_339' title='bbox 1113 3855 1169 3918; x_wconf 87' lang='lat' dir='ltr'><strong>per</strong></span> <span class='ocrx_word' id='word_1_340' title='bbox 1189 3852 1352 3913; x_wconf 83' lang='lat' dir='ltr'><strong>caestuum,</strong></span> <span class='ocrx_word' id='word_1_341' title='bbox 1374 3837 1434 3902; x_wconf 86' lang='lat' dir='ltr'><strong>iam</strong></span> <span class='ocrx_word' id='word_1_342' title='bbox 1455 3837 1489 3900; x_wconf 92' lang='lat' dir='ltr'><strong>in</strong></span> 
     </span>
     <span class='ocr_line' id='line_1_36' title="bbox 204 3919 1488 4019; baseline -0.002 -15"><span class='ocrx_word' id='word_1_343' title='bbox 204 3919 269 4004; x_wconf 83' lang='lat' dir='ltr'><strong>&#39;fine</strong></span> <span class='ocrx_word' id='word_1_344' title='bbox 295 3959 400 4004; x_wconf 86' lang='lat' dir='ltr'><strong>versus</strong></span> <span class='ocrx_word' id='word_1_345' title='bbox 428 3949 563 4004; x_wconf 89' lang='lat' dir='ltr'><strong>accurate</strong></span> <span class='ocrx_word' id='word_1_346' title='bbox 586 3947 616 4002; x_wconf 87' lang='lat' dir='ltr'><strong>ct</strong></span> <span class='ocrx_word' id='word_1_347' title='bbox 636 3939 763 4019; x_wconf 82' lang='lat' dir='ltr'><strong>graviter</strong></span> <span class='ocrx_word' id='word_1_348' title='bbox 784 3938 965 4002; x_wconf 88' lang='lat' dir='ltr'><strong>restituatur.</strong></span> <span class='ocrx_word' id='word_1_349' title='bbox 1009 3936 1085 4002; x_wconf 91' lang='lat' dir='ltr'><strong>Nam</strong></span> <span class='ocrx_word' id='word_1_350' title='bbox 1105 3938 1270 4002; x_wconf 88' lang='lat' dir='ltr'><strong>rectissime</strong></span> <span class='ocrx_word' id='word_1_351' title='bbox 1291 3938 1488 4002; x_wconf 83' lang='lat' dir='ltr'><strong>lloiimanuua</strong></span> 
     </span>
     <span class='ocr_line' id='line_1_37' title="bbox 210 4039 1487 4123; baseline -0.002 -18"><span class='ocrx_word' id='word_1_352' title='bbox 210 4043 351 4106; x_wconf 84' lang='lat' dir='ltr'><strong>‘etenim&#39;</strong></span> <span class='ocrx_word' id='word_1_353' title='bbox 373 4043 471 4123; x_wconf 93' lang='lat' dir='ltr'><strong>inquit</strong></span> <span class='ocrx_word' id='word_1_354' title='bbox 493 4052 575 4104; x_wconf 87' lang='lat' dir='ltr'><strong>‘cum</strong></span> <span class='ocrx_word' id='word_1_355' title='bbox 596 4040 708 4104; x_wconf 87' lang='lat' dir='ltr'><strong>heroici</strong></span> <span class='ocrx_word' id='word_1_356' title='bbox 729 4060 832 4104; x_wconf 87' lang='lat' dir='ltr'><strong>versus</strong></span> <span class='ocrx_word' id='word_1_357' title='bbox 854 4040 1080 4109; x_wconf 81' lang='lat' dir='ltr'><strong>fundamentum</strong></span> <span class='ocrx_word' id='word_1_358' title='bbox 1102 4040 1141 4102; x_wconf 91' lang='lat' dir='ltr'><strong>sit</strong></span> <span class='ocrx_word' id='word_1_359' title='bbox 1160 4057 1304 4104; x_wconf 81' lang='lat' dir='ltr'><strong>numerus</strong></span> <span class='ocrx_word' id='word_1_360' title='bbox 1317 4039 1487 4121; x_wconf 69' lang='lat' dir='ltr'><strong>dactylicis,</strong></span> 
     </span>
     <span class='ocr_line' id='line_1_38' title="bbox 209 4140 1568 4222; baseline -0.001 -17"><span class='ocrx_word' id='word_1_361' title='bbox 209 4143 239 4206; x_wconf 92' lang='lat' dir='ltr'><strong>id</strong></span> <span class='ocrx_word' id='word_1_362' title='bbox 272 4152 343 4206; x_wconf 86' lang='lat' dir='ltr'><strong>ante</strong></span> <span class='ocrx_word' id='word_1_363' title='bbox 377 4143 476 4205; x_wconf 92' lang='lat' dir='ltr'><strong>omnia</strong></span> <span class='ocrx_word' id='word_1_364' title='bbox 510 4150 572 4204; x_wconf 91' lang='lat' dir='ltr'><strong>erat</strong></span> <span class='ocrx_word' id='word_1_365' title='bbox 603 4159 693 4222; x_wconf 91' lang='lat' dir='ltr'><strong>opus,</strong></span> <span class='ocrx_word' id='word_1_366' title='bbox 727 4150 761 4204; x_wconf 90' lang='lat' dir='ltr'><strong>ut</strong></span> <span class='ocrx_word' id='word_1_367' title='bbox 781 4140 847 4204; x_wconf 88' lang='lat' dir='ltr'><strong>aliis</strong></span> <span class='ocrx_word' id='word_1_368' title='bbox 869 4142 900 4202; x_wconf 91' lang='lat' dir='ltr'><strong>in</strong></span> <span class='ocrx_word' id='word_1_369' title='bbox 922 4143 1002 4204; x_wconf 93' lang='lat' dir='ltr'><strong>hunc</strong></span> <span class='ocrx_word' id='word_1_370' title='bbox 1023 4159 1141 4204; x_wconf 74' lang='lat' dir='ltr'><strong>versum</strong></span> <span class='ocrx_word' id='word_1_371' title='bbox 1162 4141 1251 4204; x_wconf 87' lang='lat' dir='ltr'><strong>illatis</strong></span> <span class='ocrx_word' id='word_1_372' title='bbox 1273 4141 1422 4218; x_wconf 76' lang='lat' dir='ltr'><strong>numeris,</strong></span> <span class='ocrx_word' id='word_1_373' title='bbox 1451 4141 1489 4204; x_wconf 91' lang='lat' dir='ltr'><strong>ad</strong></span> <span class='ocrx_word' id='word_1_374' title='bbox 1566 4177 1568 4186; x_wconf 83' lang='lat'><em>·</em></span> 
     </span>
     <span class='ocr_line' id='line_1_39' title="bbox 210 4239 1490 4322; baseline 0 -16"><span class='ocrx_word' id='word_1_375' title='bbox 210 4244 436 4306; x_wconf 79' lang='lat' dir='ltr'><strong>tundamentum</strong></span> <span class='ocrx_word' id='word_1_376' title='bbox 464 4262 551 4305; x_wconf 90' lang='lat' dir='ltr'><strong>suum</strong></span> <span class='ocrx_word' id='word_1_377' title='bbox 580 4242 753 4322; x_wconf 82' lang='lat' dir='ltr'><strong>dactylicum</strong></span> <span class='ocrx_word' id='word_1_378' title='bbox 781 4241 893 4305; x_wconf 89' lang='lat' dir='ltr'><strong>sensim</strong></span> <span class='ocrx_word' id='word_1_379' title='bbox 913 4259 1025 4308; x_wconf 68' lang='lat' dir='ltr'><strong>=versus</strong></span> <span class='ocrx_word' id='word_1_380' title='bbox 1055 4239 1174 4304; x_wconf 83' lang='lat' dir='ltr'><strong>rediret.</strong></span> <span class='ocrx_word' id='word_1_381' title='bbox 1218 4241 1283 4305; x_wconf 89' lang='lat' dir='ltr'><strong>lloc</strong></span> <span class='ocrx_word' id='word_1_382' title='bbox 1310 4245 1345 4306; x_wconf 86' lang='lat' dir='ltr'><strong>iit</strong></span> <span class='ocrx_word' id='word_1_383' title='bbox 1371 4245 1404 4306; x_wconf 89' lang='lat' dir='ltr'><strong>in</strong></span> <span class='ocrx_word' id='word_1_384' title='bbox 1425 4260 1490 4306; x_wconf 61' lang='lat' dir='ltr'><strong>acre</strong></span> 
     </span>
     <span class='ocr_line' id='line_1_40' title="bbox 208 4341 1489 4423; baseline -0.002 -15"><span class='ocrx_word' id='word_1_385' title='bbox 208 4343 262 4409; x_wconf 71' lang='lat' dir='ltr'><strong>&#39;sus</strong></span> <span class='ocrx_word' id='word_1_386' title='bbox 289 4347 359 4408; x_wconf 89' lang='lat' dir='ltr'><strong>liue.</strong></span> <span class='ocrx_word' id='word_1_387' title='bbox 407 4345 472 4418; x_wconf 88' lang='lat' dir='ltr'><strong>Qua</strong></span> <span class='ocrx_word' id='word_1_388' title='bbox 500 4362 536 4404; x_wconf 84' lang='lat' dir='ltr'><strong>ex</strong></span> <span class='ocrx_word' id='word_1_389' title='bbox 556 4362 590 4405; x_wconf 90' lang='lat' dir='ltr'><strong>re</strong></span> <span class='ocrx_word' id='word_1_390' title='bbox 612 4343 751 4419; x_wconf 85' lang='lat' dir='ltr'><strong>efficitur,</strong></span> <span class='ocrx_word' id='word_1_391' title='bbox 782 4343 860 4423; x_wconf 88' lang='lat' dir='ltr'><strong>quod</strong></span> <span class='ocrx_word' id='word_1_392' title='bbox 883 4359 942 4404; x_wconf 90' lang='lat' dir='ltr'><strong>non</strong></span> <span class='ocrx_word' id='word_1_393' title='bbox 965 4343 1074 4406; x_wconf 87' lang='lat' dir='ltr'><strong>vidisse</strong></span> <span class='ocrx_word' id='word_1_394' title='bbox 1095 4341 1173 4404; x_wconf 87' lang='lat' dir='ltr'><strong>viros</strong></span> <span class='ocrx_word' id='word_1_395' title='bbox 1195 4343 1299 4406; x_wconf 88' lang='lat' dir='ltr'><strong>doctos</strong></span> <span class='ocrx_word' id='word_1_396' title='bbox 1320 4345 1427 4420; x_wconf 91' lang='lat' dir='ltr'><strong>miror,</strong></span> <span class='ocrx_word' id='word_1_397' title='bbox 1456 4353 1489 4406; x_wconf 90' lang='lat' dir='ltr'><strong>ut</strong></span> 
     </span>
     <span class='ocr_line' id='line_1_41' title="bbox 210 4441 1487 4528; baseline -0.002 -19"><span class='ocrx_word' id='word_1_398' title='bbox 210 4455 333 4528; x_wconf 75' lang='lat' dir='ltr'><strong>quartm</strong></span> <span class='ocrx_word' id='word_1_399' title='bbox 355 4465 409 4528; x_wconf 88' lang='lat' dir='ltr'><strong>pes</strong></span> <span class='ocrx_word' id='word_1_400' title='bbox 431 4445 569 4508; x_wconf 88' lang='lat' dir='ltr'><strong>decurrat</strong></span> <span class='ocrx_word' id='word_1_401' title='bbox 589 4451 650 4506; x_wconf 91' lang='lat' dir='ltr'><strong>tam</strong></span> <span class='ocrx_word' id='word_1_402' title='bbox 672 4463 761 4525; x_wconf 89' lang='lat' dir='ltr'><strong>saepe</strong></span> <span class='ocrx_word' id='word_1_403' title='bbox 783 4444 821 4506; x_wconf 93' lang='lat' dir='ltr'><strong>ad</strong></span> <span class='ocrx_word' id='word_1_404' title='bbox 843 4459 995 4506; x_wconf 89' lang='lat' dir='ltr'><strong>caesuram</strong></span> <span class='ocrx_word' id='word_1_405' title='bbox 1018 4441 1225 4528; x_wconf 68' lang='lat' dir='ltr'><strong>dactylicam’.</strong></span> <span class='ocrx_word' id='word_1_406' title='bbox 1246 4443 1285 4512; x_wconf 82' lang='lat' dir='ltr'><strong>Et</strong></span> <span class='ocrx_word' id='word_1_407' title='bbox 1304 4446 1337 4506; x_wconf 89' lang='lat' dir='ltr'><strong>in</strong></span> <span class='ocrx_word' id='word_1_408' title='bbox 1351 4461 1418 4525; x_wconf 75' lang='lat' dir='ltr'><strong>pag.</strong></span> <span class='ocrx_word' id='word_1_409' title='bbox 1432 4446 1487 4508; x_wconf 84' lang='lat'><strong>16:</strong></span> 
     </span>
     <span class='ocr_line' id='line_1_42' title="bbox 210 4543 1489 4630; baseline -0.003 -18"><span class='ocrx_word' id='word_1_410' title='bbox 210 4545 334 4630; x_wconf 76' lang='lat' dir='ltr'><strong>‘excipit</strong></span> <span class='ocrx_word' id='word_1_411' title='bbox 362 4567 396 4610; x_wconf 89' lang='lat' dir='ltr'><strong>ca</strong></span> <span class='ocrx_word' id='word_1_412' title='bbox 423 4549 559 4625; x_wconf 89' lang='lat' dir='ltr'><strong>(caesura</strong></span> <span class='ocrx_word' id='word_1_413' title='bbox 585 4545 730 4624; x_wconf 88' lang='lat' dir='ltr'><strong>bucolica)</strong></span> <span class='ocrx_word' id='word_1_414' title='bbox 758 4545 932 4627; x_wconf 86' lang='lat' dir='ltr'><strong>saepissime</strong></span> <span class='ocrx_word' id='word_1_415' title='bbox 962 4554 991 4610; x_wconf 88' lang='lat' dir='ltr'><strong>et</strong></span> <span class='ocrx_word' id='word_1_416' title='bbox 1019 4563 1173 4612; x_wconf 81' lang='lat' dir='ltr'><strong>masuram</strong></span> <span class='ocrx_word' id='word_1_417' title='bbox 1193 4543 1437 4626; x_wconf 82' lang='lat' dir='ltr'><strong>semiquinariam</strong></span> <span class='ocrx_word' id='word_1_418' title='bbox 1458 4553 1489 4610; x_wconf 82' lang='lat' dir='ltr'><strong>et</strong></span> 
     </span>
    </p>
   </div>
   <div class='ocr_carea' id='block_1_7' title="bbox 0 0 1670 5236">
    <p class='ocr_par' dir='ltr' id='par_1_8' title="bbox 0 0 1670 5236">
     <span class='ocr_line' id='line_1_43' title="bbox 0 0 1670 5236; baseline 0 0"><span class='ocrx_word' id='word_1_419' title='bbox 0 0 1670 5236; x_wconf 95' lang='lat' dir='ltr'><strong> </strong></span> 
     </span>
    </p>
   </div>
  </div>
 </body>
</html>
