3332 5236
236 1648 411 1738 Doctorum
432 1675 571 1752 virorum,
596 1693 671 1756 quae
694 1676 764 1738 olim
786 1677 823 1739 de
845 1677 964 1758 ingenio
985 1689 1141 1760 poetarum
1162 1680 1426 1747 Alexandrinorum

145 1779 317 1842 serebantur
337 1778 443 1840 iudicia
465 1777 612 1860 iniquiora
634 1778 805 1858 paullulum,
830 1779 995 1842 recentiore
1018 1781 1137 1849 demum
1153 1791 1248 1846 aetate
1264 1785 1300 1846 ad
1315 1783 1426 1847 iustum

146 1883 237 1944 linem
257 1879 419 1954 redierunt,
442 1879 493 1942 uhi
515 1898 576 1941 non
599 1887 660 1942 tam
681 1880 795 1960 poetica
818 1881 909 1943 virtus
924 1881 970 1943 rel
985 1883 1150 1963 argumenti
1166 1891 1314 1960 venustas,
1338 1903 1426 1965 mam

147 1983 231 2046 docta
253 1981 418 2044 tabularum
441 1981 584 2060 cognitio,
607 1982 730 2044 artificia
752 1981 905 2056 dictionis,
929 1980 1072 2062 elegantia
1095 2003 1288 2047 numeromm
1310 1986 1347 2048 ah
1368 1985 1427 2049 illis

146 2083 340 2166 scriptoribus
373 2091 495 2162 coeptae
528 2091 599 2146 suut
625 2083 709 2163 exigi.
754 2083 907 2164 Quotquot
934 2085 1014 2146 enirn
1042 2085 1277 2150 Ptolemaeorum
1306 2087 1424 2150 sacculo
1472 2149 1475 2156 Δ

145 2185 279 2249 versibus
306 2183 521 2265 componendis
542 2203 664 2264 operam
687 2184 848 2259 dederunt,
878 2185 956 2248 docti
976 2186 1032 2248 riri
1054 2195 1155 2262 erant,
1185 2189 1235 2269 qui
1257 2189 1426 2252 reconditae

146 2287 321 2350 eruditionis
340 2285 451 2348 'laudes
473 2286 560 2348 unice
582 2285 787 2348 sectabantur:
821 2287 1112 2368 honigrammatici,
1141 2307 1202 2350 non
1224 2299 1346 2371 poetae,
1375 2291 1425 2372 qui

147 2388 353 2452 ostentationis
376 2406 489 2462 caussa,
513 2387 588 2450 siout
608 2396 710 2468 postea
734 2384 912 2466 ἐπιδείξεις
933 2407 1002 2451 suas
1017 2390 1177 2470 sophistae,
1200 2391 1331 2454 carmina
1346 2410 1428 2455 com·

146 2498 312 2572 posuerunt
333 2489 499 2564 artificiosa,
523 2489 630 2570 quintu
651 2489 819 2552 universam
842 2508 926 2552 snam
941 2491 1105 2553 doctrinam
1120 2498 1271 2572 umquam
1286 2493 1317 2554 in
1333 2511 1426 2554 unum

145 2591 244 2654 locum
272 2599 456 2672 congestam,
485 2591 629 2653 lectorum
651 2591 744 2653 oculis
765 2601 968 2672 proponerent
989 2600 1019 2654 et
1041 2592 1239 2673 qualicunque
1261 2594 1423 2673 elegantiae

34 2757 38 2764 ,
147 2693 247 2774 specie
269 2693 521 2754 commendarent.

233 2793 293 2854 Eas
316 2804 411 2855 autem
433 2794 573 2873 indagare
595 2792 726 2854 rationes
745 2809 819 2871 quas
834 2793 865 2854 in
881 2793 1072 2856 conficiendis
1088 2793 1153 2856 istis
1168 2791 1424 2857 exercitationibus

146 2895 240 2958 secuti
264 2894 324 2956 sint
344 2893 385 2955 illi
406 2904 522 2975 poetae,
556 2900 703 2974 quatenus
726 2892 922 2956 elocutionem
945 2903 1080 2975 spectant
1101 2903 1131 2957 ct
1152 2896 1307 2958 metricam
1321 2905 1424 2971 artem,

146 2995 219 3059 mihi
246 3013 365 3075 semper
393 2997 553 3059 iucundum
580 2995 643 3057 luit.
689 2996 730 3056 Ao
751 2995 880 3074 primum
903 2995 1023 3076 quidem
1045 3015 1213 3060 sermonem
1236 2995 1425 3058 llomericum

147 3116 163 3161 a
186 3116 245 3178 quo
268 3097 391 3179 proiecti
414 3105 499 3170 sunt,
529 3095 678 3158 vocabulis
699 3097 861 3176 formisque
883 3095 1124 3160 insolentiorihus
1145 3099 1343 3178 undecunque
1365 3099 1426 3160 col·

145 3199 230 3262 lectis
251 3199 512 3280 locupletaverunt.
550 3199 633 3270 Quae
655 3198 806 3260 recondita
828 3199 906 3280 apud
929 3198 1090 3262 llomcrum
1112 3199 1358 3262 erantvocahnla
1380 3199 1426 3262 vel

147 3299 287 3376 obscura,
321 3299 505 3380 interpretati
539 3309 608 3362 suut
635 3307 665 3360 et
691 3299 722 3359 in
750 3317 804 3360 sua
830 3300 1045 3362 transtulerunt
1073 3300 1212 3362 carmina.
1256 3299 1425 3363 Anomalies

147 3411 244 3464 autem
266 3401 471 3482 granmticas
493 3419 560 3463 oum
583 3401 620 3464 ah
642 3400 762 3462 llomeri
785 3400 917 3462 doctrina
939 3408 1116 3480 repeterent,
1143 3402 1227 3481 quasi
1250 3402 1373 3466 oonsilio
1394 3411 1425 3465 et

147 3503 290 3566 industria
331 3522 347 3564 a
385 3503 519 3564 llaeonio
552 3503 676 3564 inumata
713 3509 813 3563 essent
849 3502 962 3574 omnis,
997 3501 1038 3564 ita
1074 3503 1178 3564 imitati
1215 3513 1285 3566 sunt
1320 3510 1425 3583 poetae

51 3645 55 3652 -
146 3602 333 3667 Alexandrini
363 3611 395 3666 ut
423 3604 460 3665 ad
489 3604 653 3681 analogiam
683 3619 784 3664 earum
816 3602 904 3665 multa
933 3611 963 3664 et
983 3603 1041 3683 ipsi
1063 3603 1094 3664 in
1117 3603 1206 3666 rehus
1228 3605 1425 3684 grammah'cis

146 3715 257 3767 temere
280 3715 309 3768 et
330 3705 430 3784 inepte
452 3712 604 3778 novarent,
627 3705 657 3766 id
680 3705 976 3784 qarodliuttmsnnus
993 3705 1112 3786 copiose
1128 3704 1158 3765 in
1173 3704 1311 3783 Lexilogo
1325 3712 1426 3765 osten·

147 3805 198 3879 dit,
221 3805 328 3885 aliique
351 3815 419 3886 post
441 3825 518 3868 eum.
548 3806 703 3868 Praeterea
726 3805 921 3868 audacissime
943 3806 1092 3867 interdum
1115 3823 1188 3865 nova
1213 3804 1350 3865 uocabula
1365 3805 1425 3864 lor·

147 3917 315 3969 moverunt:
344 3925 435 3969 novas
456 3909 567 3969 lormas
588 3907 868 3986 paraschematistas
889 3907 1088 3989 invenerunt,
1109 3903 1316 3982 exquisitiores
1336 3921 1424 3983 quas·

147 4007 216 4071 dam
238 4007 468 4087 significationes
489 4024 544 4088 per
565 4007 753 4087 metaphoras
768 4014 798 4068 et
811 4015 913 4086 tropos
927 4005 1075 4068 vocabulis
1089 4003 1271 4066 tribuerunt:
1294 4003 1423 4086 denique

146 4109 300 4172 notissima
322 4127 467 4190 quaeque,
491 4107 575 4190 quasi
596 4107 716 4187 indigna
738 4107 854 4187 poetico
876 4123 1014 4168 sermone
1036 4105 1140 4168 seditio
1160 4089 1332 4170 uraverunt.

102 4289 107 4294 .
231 4209 295 4272 lloc
324 4218 422 4272 auum
443 4227 600 4273 commune
622 4209 770 4283 omnium,
799 4208 850 4289 qni
871 4207 920 4270 illa
943 4215 1038 4270 aetate
1059 4207 1240 4283 floruerunt,
1269 4191 1424 4288 poetarum

147 4320 223 4386 erat,
253 4331 329 4392 quon
352 4311 528 4374 Callimacho
550 4311 686 4392 inprimis
709 4319 844 4384 auctore,
870 4295 946 4372 'nam
968 4327 985 4371 a
1008 4307 1186 4374 Callimacho
1207 4327 1246 4370 nc
1268 4309 1423 4390 Apollonio

147 4413 266 4494 quidem
290 4405 517 4498 ὁμηρικοτάτῳ
538 4411 588 4473 illo
610 4421 748 4492 excepto,
777 4418 926 4491 tamquam
949 4427 966 4472 a
989 4429 1065 4474 noso
1086 4409 1215 4474 Homero
1237 4411 1290 4473 toti
1311 4412 1424 4491 pende-

146 4509 227 4588 hant,
250 4513 376 4576 eandem
398 4515 460 4576 lere
481 4513 581 4594 poesis
602 4512 678 4574 viam
699 4513 832 4576 munisse
854 4512 973 4588 sumus,
996 4529 1085 4593 mam
1101 4510 1232 4574 Platonis
1253 4519 1347 4574 aetate
1362 4511 1423 4593 pri·

143 4623 213 4677 mus
234 4615 426 4680 Antimachus
454 4624 518 4679 erat
545 4615 705 4696 ingressus.
750 4613 921 4678 Eorundem
949 4633 1034 4694 vero,
1060 4613 1169 4698 quihus
1196 4612 1348 4677 doctrinae
1375 4612 1422 4678 rol
