3332 5236
869 377 912 446 se

376 569 464 630 Sexta
492 563 635 648 deumne:
663 567 763 646 Longa
790 563 894 628 nasis·
911 567 944 628 iu
966 563 1070 647 quinto
1092 565 1184 646 pede,
1198 561 1338 628 'caestus
1358 561 1486 628 naturali
1509 587 1526 630 a

290 679 373 733 sexto
394 671 471 749 pede
493 685 655 749 numquam
677 675 725 729 est
745 665 919 730 inlinenda.
1529 687 1533 694 ·

333 771 395 832 llae
416 770 506 849 igitar
536 770 625 848 leges,
660 785 785 848 quaram
816 769 1007 832 laudamento
1022 777 1025 784 '
1040 769 1098 830 iam
1131 769 1162 830 in
1192 769 1312 830 llomeri
1333 769 1532 832 'centisimus
1655 761 1656 796 ³

250 891 317 934 esse
332 871 439 952 posita,
461 871 538 934 inira
554 869 718 944 ostendam,
734 869 841 950 quihus
857 889 998 932 numerus
1013 871 1136 950 eiusque
1151 879 1230 932 recta
1244 871 1428 934 continuatio
1442 889 1531 951 egre..

248 976 294 1054 gie
322 976 491 1046 firmantur,
519 972 669 1034 rarissime
697 973 847 1051 neglectae
869 979 949 1033 sunt.
992 965 1071 1033 Sane
1092 989 1161 1032 uero
1182 973 1242 1033 hoc
1261 973 1302 1035 ita
1323 981 1439 1035 tautum
1461 974 1533 1034 heri

248 1074 346 1155 potuit
372 1083 405 1136 ut
432 1082 493 1135 tres
522 1082 674 1153 praeterea
709 1073 789 1152 leges
821 1073 996 1136 accederent
1023 1072 1194 1148 auxiliares,
1227 1083 1259 1136 ut
1285 1075 1325 1136 ita
1343 1091 1423 1136 ¹eum
1450 1075 1530 1136 ller-

248 1175 324 1237 kelio
341 1176 451 1236 dicam:

308 1277 330 1341 1.
355 1258 485 1340 Elision'e
507 1275 568 1336 tolli
591 1293 744 1336 caesuram
766 1275 930 1336 naturalem
948 1293 1023 1355 quae
1038 1273 1116 1336 inter
1130 1275 1360 1339 duo'intemedit
1374 1276 1524 1339 vocabula.

296 1377 331 1439 ll.
355 1375 497 1440 Euclitica
520 1395 586 1436 cum
609 1375 816 1451 antecedente,
851 1375 1001 1456 proclitioa
1031 1395 1098 1438 cum
1127 1386 1269 1456 sequente
1290 1377 1431 1439 uocabulo
1454 1396 1526 1439 con-

355 1479 454 1539 iuncta
476 1496 569 1538 unum
590 1483 705 1537 tantiam
729 1477 867 1539 exhihere
890 1477 1024 1536 ordinem
1047 1477 1211 1540 metricum.

283 1578 332 1639 lll.
356 1579 439 1639 llanc
460 1578 679 1659 procliticorum
700 1578 745 1640 vel
768 1578 969 1640 encliticorum
992 1584 1128 1639 naturam
1143 1579 1231 1640 etiam
1245 1579 1276 1640 in
1292 1580 1525 1660 praepositiones

354 1681 474 1756 eadere,
503 1679 533 1740 in
564 1679 801 1742 coniunctionem
824 1679 894 1756 aul,
919 1679 950 1739 in
972 1679 1130 1758 particulas
1152 1676 1229 1762 γὰρ,
1254 1679 1304 1757 tt,
1328 1679 1403 1763 μὲν,
1427 1683 1525 1744 iama

353 1782 501 1843 veteribus
529 1781 706 1862 quibusdam
734 1780 936 1844 enclitieorum
966 1781 997 1842 in
1026 1799 1183 1844 numerum
1212 1782 1327 1858 relatis,
1358 1784 1394 1845 (l.
1419 1783 1522 1846 Lehrs.

355 1891 480 1962 quaestt.
510 1885 719 1962 epp.p.101.
765 1881 919 1960 Goettling.
943 1882 980 1943 de
1003 1901 1062 1943 acc.
1085 1902 1115 1962 p.
1133 1885 1210 1956 398,
1240 1902 1295 1945 nec
1324 1903 1384 1944 non
1413 1884 1444 1945 in
1474 1879 1523 1968 δή,

353 1982 526 2062 particulam
551 1982 733 2062 expletivam.

332 2063 487 2144 Tolluntur
508 2093 606 2145 autem
628 2083 684 2144 hae
705 2083 785 2163 leges
808 2083 833 2144 si
855 2083 1054 2164 interpunctio
1076 2083 1173 2146 medio
1195 2086 1226 2147 iu
1248 2101 1335 2148 uersu
1356 2085 1456 2148 locam
1471 2087 1526 2148 hu
1606 2107 1612 2115 ·

249 2185 310 2260 het,
343 2186 367 2246 si
397 2185 517 2246 nomina
544 2183 663 2266 propria
693 2183 918 2265 superveniunt,
949 2203 1046 2264 neque
1068 2186 1099 2246 in
1123 2207 1175 2248 eos
1197 2187 1307 2250 cadunt
1327 2205 1445 2262 uersus,
1474 2189 1532 2269 qui

248 2287 438 2369 hypotyposis
460 2285 587 2364 aliquam
611 2285 749 2348 exhibent
772 2287 910 2366 speciem.
942 2287 1096 2349 Praeterea
1118 2288 1231 2368 primae
1253 2289 1309 2368 legi
1332 2289 1387 2351 alia
1402 2290 1528 2352 surhiuna

136 2389 140 2397 '
247 2389 341 2466 geuda
365 2395 411 2448 est
432 2387 611 2461 observatio,
640 2387 724 2448 vitari
746 2405 884 2449 versuum
906 2388 937 2450 in
955 2387 1044 2450 initio
1064 2389 1227 2450 molossum
1248 2409 1307 2452 una
1329 2392 1409 2452 brevi
1431 2391 1525 2452 abun·

155 2497 158 2509 '
248 2491 376 2563 dantem,
400 2509 459 2568 quo
481 2491 514 2551 ut
535 2497 568 2550 ut
588 2489 744 2550 trochaeus
767 2491 897 2550 secundo
920 2489 950 2551 in
973 2489 1049 2570 pede
1071 2499 1208 2569 ponaurr,
1231 2491 1268 2551 (le
1286 2511 1345 2570 quo
1359 2492 1417 2553 iam
1433 2508 1526 2572 supra

247 2591 359 2654 monui.
405 2589 571 2653 Excusatur
597 2591 654 2652 hoc
682 2591 783 2652 vitium
811 2591 940 2671 primum
962 2592 993 2652 in
1016 2591 1052 2652 iis
1074 2593 1223 2667 verubus,
1253 2593 1283 2654 in
1307 2591 1415 2672 quihus
1435 2594 1526 2655 etium

247 2691 377 2772 reliquae
399 2692 479 2772 leges
502 2693 615 2772 neglegi
637 2701 779 2772 possunt,
810 2691 878 2754 (lein
902 2693 927 2774 si
949 2701 1017 2773 post
1038 2693 1165 2773 primam
1187 2695 1266 2755 arsin
1288 2696 1364 2756 lacta
1384 2704 1432 2757 est
1452 2693 1527 2758 incia

248 2793 302 2868 sio,
327 2795 455 2873 denique
476 2795 500 2855 si
522 2793 695 2854 vocabulum
719 2793 961 2874 monosyllabum,
984 2795 1029 2856 vel
1051 2796 1193 2875 particula
1216 2797 1379 2876 copulativa
1400 2798 1431 2859 in
1449 2798 1526 2860 thesi

247 2895 393 2956 trochaica
416 2895 510 2974 posita
534 2903 587 2968 est,
613 2895 707 2956 velut:
1396 2915 1400 2922 ’

374 2997 395 3069 l,
420 2998 497 3059 665:
520 2986 629 3074 ὑμέων
651 2987 683 3058 δ’
708 2992 743 3059 e't'
760 3015 812 3070 τις
833 2989 945 3078 ἄρειον
969 2992 1050 3070 ἔπος
1071 2999 1246 3080 μητίσεται
1269 2995 1361 3084 ἄλλῃ.

359 3113 385 3155 v.
406 3099 499 3160 1081:
524 3083 626 3159 ὧλλοι
647 3099 706 3178 μέν
729 3095 772 3179 ῥα
793 3093 902 3180 πάρος
924 3093 1123 3180 δεδμημένοι
1145 3090 1326 3177 εὐνάζοντο.

334 3196 413 3258 llaec
440 3196 528 3275 igitur
556 3215 590 3258 ea
619 3205 704 3272 suut,
734 3211 810 3278 quae
832 3199 990 3260 llerhelius
1018 3199 1049 3260 in
1078 3199 1332 3279 praestantissimo
1355 3203 1404 3264 illo
1426 3199 1524 3264 libello

248 3297 397 3375 exposuit:
422 3297 528 3378 quihus
551 3300 698 3378 quomodo
721 3300 826 3380 reliqui
848 3307 953 3380 poetae
979 3301 1089 3361 heroici
1106 3303 1253 3376 carminis,
1278 3322 1404 3382 quonum
1419 3319 1524 3384 mn

248 3397 442 3461 Callimachus
465 3400 553 3475 ducit,
576 3417 642 3462 sese
663 3402 921 3476 accomodatur,
944 3401 1004 3462 iam
1025 3421 1125 3463 meum
1145 3412 1192 3465 est
1214 3422 1371 3482 exponere.

332 3503 373 3562 hc
394 3501 418 3562 si
441 3500 537 3580 primo
559 3499 590 3562 in
612 3501 689 3581 pede
711 3502 796 3582 apud'
813 3502 1021 3564 Callimachum
1045 3505 1195 3582 spondeus
1218 3504 1313 3564 locum
1336 3503 1440 3579 hahet,
1463 3505 1524 3584 pri-

247 3619 314 3662 mus
337 3601 408 3662 ordo
431 3602 570 3664 metricus
592 3603 766 3683 plerumque
788 3603 934 3664 molossus
957 3611 1012 3674 est,
1035 3611 1086 3663 aut
1100 3603 1335 3682 palimbacchens
1350 3603 1451 3665 [ultima
1467 3607 1525 3686 syl·
1570 3627 1578 3647 ⁸

246 3701 311 3762 laba
335 3721 389 3782 per
410 3705 586 3783 positionem
608 3705 760 3783 producta.
802 3705 844 3766 Gi.
868 3703 973 3783 Hymni.
997 3703 1055 3765 lov.
1078 3707 1520 3772 sentententiam

246 3803 309 3864 rell.
356 3805 431 3865 Sunt
455 3814 552 3866 autem
574 3805 603 3865 hi
627 3805 718 3883 pedes
741 3806 887 3885 sulpuri,
912 3812 961 3866 aut
982 3805 1100 3884 impuri,
1123 3803 1152 3866 h.
1172 3825 1199 3866 e.
1222 3807 1370 3868 minorum
1394 3824 1523 3888 quorun·

247 3905 313 3966 dam
338 3907 543 3968 vocabulorum
566 3915 628 3968 arte
651 3906 881 3984 cohaerentium,
902 3907 949 3969 uel
971 3925 1025 3988 per
1047 3925 1080 3969 se
1102 3907 1219 3984 leuium,
1241 3909 1347 3970 auxilio
1363 3909 1523 3985 constituti,

247 4007 326 4068 velut
346 4008 375 4066 h.
400 4009 457 4068 lov.
481 4013 516 4071 t:
541 4007 615 4084 πῶς
636 4012 692 4071 καί
707 4033 766 4086 νιν,
789 4029 815 4072 r.
833 4015 868 4075 ht
892 4005 926 4074 ir
946 4008 1152 4094 ¹tiochum:
1175 3997 1195 4092 ἦ
1218 4008 1355 4088 πολλὰς,
1380 4012 1437 4073 alii.
1468 4012 1525 4072 he·

247 4107 347 4184 gitime
370 4109 501 4186 neglecta
517 4120 562 4171 est
577 4111 650 4171 haec
665 4111 711 4171 lex
725 4120 848 4191 propter
862 4121 1034 4190 sequentem
1051 4111 1330 4191 interpunctionem,
1353 4113 1381 4173 h.
1395 4111 1523 4178 piane:

547 4207 604 4286 δὸς
626 4203 659 4274 δ’
684 4207 755 4286 ἰοὺς
776 4211 831 4274 καὶ
852 4208 948 4286 τόξα·
965 4209 1010 4274 ’ἔα
1032 4209 1139 4292 πάτερ
1160 4211 1227 4274 κτλ,

334 4307 411 4370 Raro
432 4311 546 4390 primus
569 4313 721 4392 spondeus
743 4311 877 4374 onlinem
899 4311 1053 4373 metricum
1076 4312 1194 4386 claudit,
1216 4311 1255 4374 ita
1278 4323 1311 4376 ut
1332 4315 1410 4376 inter
1431 4312 1524 4393 ipsius

248 4408 335 4489 primi
358 4411 442 4488 pedis
465 4409 650 4470 contineatur
671 4413 755 4472 fines.
800 4411 876 4472 llum
898 4430 967 4473 vero
990 4420 1040 4473 aut
1061 4403 1249 4476 choriambus
1267 4415 1332 4477 sive
1353 4415 1552 4496 paeonpri-,

246 4527 315 4571 mus
338 4519 405 4573 ante
428 4509 619 4592 positionem,
649 4519 700 4573 aut
720 4512 886 4590 molossus,
912 4513 958 4576 vel
978 4531 1072 4596 purus
1093 4524 1234 4598 uterque,
1262 4517 1307 4578 vel
1328 4517 1463 4594 impurus
1485 4514 1525 4578 ita

178 4677 197 4702 ο
248 4611 412 4691 excipiunt,
442 4620 475 4674 ut
496 4611 584 4676 etiam
605 4611 685 4676 brevi
708 4613 826 4704 syllaba·
840 4614 990 4680 abundare
1011 4617 1137 4698 possint.
1181 4615 1292 4688 Tamen
1315 4615 1526 4694 Celfimaollum
