3332 5236
855 346 877 414 b

275 531 277 538 '
312 531 431 597 Etenim
457 533 599 596 historiae
620 533 732 596 heroici
753 551 857 598 versus
877 542 912 597 ut
932 533 1061 616 primum
1074 529 1120 593 -ab
1143 529 1314 605 llermanno
1334 529 1410 592 iacta
1431 534 1504 594 sunt

222 633 428 712 tundamenta,
448 633 608 700 immortali
629 633 679 696 illa
700 633 916 711 dissertatione,
940 649 1029 716 quam
1051 633 1088 695 de
1110 637 1206 694 aetate
1221 627 1419 711 inhicorum
1429 631 1504 694 scri·

223 735 296 818 psit,
317 735 492 818 Spitcnerus
514 744 544 824 et
565 735 615 818 qni
635 753 734 818 nuper
754 753 824 800 eum
844 737 932 818 louge
953 734 1101 817 superavit
1114 732 1328 808 'hoffmannus
1356 729 1394 794 de
1415 745 1503 796 seran

228 835 387 916 Homerico
409 837 628 902 scematissirna
649 846 861 919 exposuerunt
890 837 934 900 lle
954 835 1154 898 recentiorum
1176 834 1326 916 epicorum
1340 851 1398 896 usu
1411 849 1504 915 quae·

207 938 358 1000 'siremm
378 937 573 1015 Warniclrius,
597 939 740 1016 Stmrius,
763 937 915 1014 haltrsius,
938 954 1064 1018 quorum
1086 953 1176 1018 opera
1197 936 1308 1010 tactum
1329 935 1502 999 astutiam

224 1037 304 1102 inter
323 1056 431 1102 omues
448 1047 577 1116 constat,
600 1057 689 1122 quam
711 1041 796 1104 anxie
817 1041 853 1117 is,
875 1040 927 1122 qui
950 1057 1053 1102 eorum
1071 1053 1176 1117 agmen
1192 1037 1281 1112 ducit,
1304 1045 1393 1118 poeta
1407 1037 1504 1099 Pano·

223 1139 385 1220 politanus,
411 1157 516 1204 versus
542 1159 613 1205 suos
640 1142 678 1205 ad
706 1141 896 1206 mhtilhsirm
922 1149 1081 1224 praecepta
1109 1146 1139 1202 et
1160 1137 1277 1218 regulas
1299 1137 1500 1202 elaboraverit

221 1239 270 1322 ,ue
296 1241 418 1304 metrica
438 1241 541 1315 Quinti
570 1243 684 1306 ratione
712 1243 906 1306 aNouniarra
928 1259 990 1306 non
1012 1241 1101 1303 nimis
1123 1240 1247 1313 diversa,
1276 1239 1387 1320 optime
1408 1239 1503 1302 Anni·

225 1341 294 1404 nius
322 1341 452 1424 Koechly
476 1341 637 1424 disputem
663 1343 696 1405 in
722 1344 950 1424 prolegomenis,
979 1343 1086 1424 quihus
1114 1359 1258 1422 nuperum
1284 1339 1374 1403 huius
1395 1337 1530 1421 poetae

224 1442 386 1518 ffifionem
408 1443 555 1507 instrinxit
585 1443 624 1507 Et
645 1443 772 1525 vulgaris
794 1445 914 1527 quidem
936 1461 971 1506 ea
993 1451 1040 1506 est
1061 1442 1171 1522 opinio,
1194 1441 1347 1505 metricam
1362 1441 1501 1505 carminis

224 1545 336 1608 heroici
366 1545 475 1608 taciem
509 1563 526 1607 a
554 1543 662 1608 Nonno
688 1565 811 1627 prorsus
838 1563 906 1609 esse
933 1546 1117 1608 immutatam
1144 1544 1267 1623 eiusque
1295 1543 1500 1619 sectatoribus,

223 1645 441 1726 Tryphiodoro,
469 1646 606 1723 Musaeo,
636 1645 788 1723 Collutho,
818 1647 1025 1721 christodoro,
1055 1645 1166 1708 Ioanne
1203 1644 1332 1719 Gaaaeo,
1364 1644 1496 1725 reliquis.

223 1745 283 1819 Qui
310 1755 410 1810 umen
439 1765 553 1823 ornnes,
582 1747 659 1810 sicut
685 1747 716 1810 in
738 1749 903 1812 elocutione
923 1749 1033 1810 ‘mirum
1056 1755 1199 1826 quantum
1222 1765 1238 1806 a
1260 1745 1357 1826 poetis
1378 1747 1503 1808 Meran-
1628 1817 1631 1824 p

205 1848 327 1924 ·driais,
351 1841 513 1929 eorumque
534 1849 799 1929 praestantissimis
814 1849 991 1912 Callimacho
1014 1857 1044 1910 et
1057 1847 1213 1928 Apollonio
1227 1847 1344 1908 Rhodio
1358 1846 1500 1928 pendam,

225 1949 313 2012 etiam
335 1950 456 2012 metrica
478 1949 527 2011 illa
548 1949 698 2029 diligentia
719 1958 874 2036 poetarum
889 1949 1153 2012 Alexandrinorum
1175 1950 1268 2011 secuti
1291 1957 1361 2011 sunt
1375 1947 1503 2012 auctori-

226 2057 325 2112 tatem.
368 2049 443 2116 Nam
469 2051 577 2114 honam
606 2069 723 2132 quoque
747 2069 851 2114 versus
873 2051 911 2114 ad
933 2049 1049 2114 subtilia
1072 2059 1228 2131 praecepta
1252 2057 1323 2113 sunt
1344 2049 1502 2114 artiiiciose

224 2151 389 2232 compositi
433 2151 536 2234 ltaque
563 2153 589 2214 si
611 2151 648 2214 ah
670 2151 791 2214 Homeri
812 2153 882 2214 inde
905 2152 1084 2215 carminibus
1107 2151 1239 2214 omnium
1261 2160 1417 2232 poetarum
1437 2153 1503 2234 api·

225 2269 327 2314 aarum
347 2269 450 2316 versus
472 2260 502 2316 et
523 2271 664 2316 numeros
686 2254 827 2316 continuo
849 2253 1015 2317 seculorum
1039 2255 1165 2316 decursu
1187 2253 1265 2314 inter
1280 2271 1312 2314 se
1328 2269 1501 2334 comparare

222 2353 304 2428 nelis,
333 2353 417 2416 iacile
444 2355 501 2417 hoc
531 2355 607 2418 eiiici
628 2356 746 2436 poterit,
776 2372 841 2419 eam
862 2357 949 2418 metri
966 2355 1079 2417 heroici
1101 2353 1336 2416 immutationem
1359 2373 1448 2436 quam
1467 2356 1501 2418 in

222 2454 322 2518 Nouoi
344 2463 423 2518 secta
445 2453 597 2531 miramur,
619 2473 679 2518 non
702 2455 738 2517 ab
760 2457 825 2538 ipsa
847 2457 945 2520 subito
968 2474 1034 2520 esse
1055 2457 1214 2529 inventam,
1237 2455 1357 2520 seddim
1372 2457 1500 2538 apoetis

222 2555 427 2620 Alexandrinis
449 2564 479 2620 et
501 2557 551 2637 qui
572 2557 650 2620 iuter
671 2557 727 2620 hos
749 2565 779 2621 et
799 2557 898 2621 Nonni
919 2558 1107 2621 intercedunt
1129 2564 1264 2632 aetatem,
1288 2575 1354 2622 esse
1376 2575 1503 2640 praepar»

222 2666 326 2720 ratam.
369 2655 489 2721 Etenim
509 2657 548 2740 qhi
575 2658 663 2739 primi
685 2659 888 2740 correptiones
909 2659 1029 2734 Atticas,
1062 2665 1168 2740 privas
1190 2677 1337 2736 caesuras,
1360 2661 1500 2741 trequen-

222 2767 283 2844 tam
305 2757 506 2840 spondeorum
526 2778 623 2837 usum,
646 2751 786 2841 magnun'a
806 2759 941 2822 hiatuum
955 2777 1121 2836 numerum,
1145 2761 1301 2823 trochaeos
1315 2761 1348 2823 in
1360 2776 1501 2826 versuum

223 2859 361 2922 clausulis
389 2859 503 2940 aliaque
531 2860 562 2922 id
588 2877 682 2941 genus
703 2869 755 2924 aut
775 2862 947 2938 vitaverunt,
981 2871 1031 2924 aut
1053 2863 1141 2924 certis
1164 2862 1363 2925 adstrixerunt
1383 2863 1499 2942 legibus

223 2967 253 3022 et
273 2960 391 3039 regulis.
437 2960 570 3034 Quorum
601 2961 733 3024 rationes
757 2961 896 3039 'Nonuus
928 2971 962 3025 ut
995 2964 1044 3043 qui
1077 2961 1241 3024 terridioris
1269 2971 1349 3024 esset
1376 2962 1497 3043 ingenii,

223 3059 437 3123 consummavit
463 3069 593 3138 tautum,
621 3070 656 3125 ut
681 3062 722 3126 ita
750 3062 862 3140 dcam,
891 3070 921 3126 et
949 3083 1050 3126 serere
1079 3070 1219 3125 executus
1240 3071 1295 3126 est.
1340 3063 1498 3127 Praeterea
1608 3106 1619 3120 ,

222 3162 338 3223 novavit
360 3179 488 3242 queque,
511 3163 563 3225 sed
585 3181 689 3244 pauca.

308 3262 393 3336 Quod
414 3263 574 3343 quominus
595 3265 655 3327 iam
676 3263 713 3326 ah
736 3263 800 3326 aliis
822 3283 857 3326 ex
879 3263 1063 3346 singulorum
1083 3275 1240 3345 poetarum
1261 3285 1319 3328 usu
1341 3265 1412 3329 satis
1429 3285 1498 3347 pro·

220 3363 322 3428 hatum
350 3371 380 3426 et
407 3363 641 3428 demonstratum
669 3366 716 3442 sit,
744 3365 816 3428 illud
844 3373 917 3447 puto
945 3365 1047 3442 obtuit,
1079 3367 1158 3447 quod
1181 3368 1321 3430 metricae
1343 3376 1499 3448 poetarum

220 3460 484 3528 Alexandrinorum
511 3467 642 3530 rabones
667 3467 797 3530 virorum
824 3467 978 3530 doctorum
1000 3468 1117 3547 ingenia
1142 3469 1274 3532 nondum
1296 3468 1337 3530 ita
1360 3485 1499 3530 exercue-

220 3575 300 3642 runt,
330 3585 418 3646 quarn
445 3568 652 3647 grammaticae
684 3576 714 3630 et
740 3585 816 3648 quae
844 3567 880 3629 de
902 3568 1111 3630 vocabulorum
1133 3568 1249 3630 delectu
1271 3577 1301 3632 et
1321 3570 1498 3631 formatione

221 3676 291 3729 sunt
313 3667 511 3747 quaestiones.
557 3668 737 3732 Gerhardius
759 3667 946 3748 quambene
967 3669 999 3729 in
1021 3668 1197 3730 lectionibus
1218 3669 1420 3750 Apolloniauis
1441 3671 1499 3754 hap

221 3769 258 3830 de
279 3787 312 3831 re
334 3767 534 3849 disputaverit,
557 3787 618 3831 non
640 3787 740 3830 meum
762 3775 808 3830 est
828 3769 937 3830 dicere.
971 3769 1101 3832 llinores
1123 3769 1243 3850 quidem
1265 3769 1496 3848 ohservationes,

88 3895 97 3902 ·
177 3952 180 3960 ι
221 3871 272 3933 sed
300 3871 428 3952 optimae
457 3879 545 3934 notae
566 3869 754 3952 protulemnt
772 3869 912 3945 Naelrius,
942 3870 1093 3934 lleohems
1116 3871 1251 3946 Batavus,
1281 3871 1351 3934 Otto
1373 3871 1499 3934 Schnei-

220 3972 319 4035 derus
354 3971 500 4052 Singulari
523 3970 681 4053 diligentia,
704 3980 738 4034 ut
759 3971 796 4035 de
817 3971 884 4053 ipso
904 3980 1019 4035 taceam
1040 3971 1221 4048 Hermanno,
1243 3971 1321 4035 hanc
1343 3991 1406 4035 run
1427 3990 1499 4055 per-

191 4109 198 4120 ι
217 4080 416 4134 tractaverunt
436 4073 603 4149 hlerlrehus,
625 4073 775 4136 Arminius
796 4073 934 4154 Koechly.
967 4075 1079 4136 'lamen
1102 4083 1335 4138 consummatam
1358 4081 1388 4136 et
1410 4075 1496 4156 quasi

220 4173 257 4234 ad
284 4171 455 4236 umbilicum
481 4174 655 4256 perductam
683 4193 750 4238 esse
778 4175 983 4254 quaestionem
1010 4175 1169 4256 quominus
1191 4184 1372 4253 statuamus,
1401 4176 1498 4240 multa

219 4273 346 4336 obstant.
390 4275 484 4356 Atque
513 4283 663 4338 tantomm
688 4276 819 4338 virorum
847 4273 996 4354 diligentia
1019 4293 1085 4338 eum
1107 4277 1165 4338 hoc
1186 4285 1265 4340 certe
1288 4275 1423 4341 effectum
1446 4278 1495 4353 sit,

217 4383 252 4437 ut
278 4377 457 4440 accuratiore
485 4375 583 4439 studio
611 4377 666 4438 has
695 4376 882 4457 quaestiones
910 4376 1047 4456 indignas
1070 4395 1144 4464 esse,
1173 4376 1231 4440 iam
1255 4397 1343 4441 nemo
1365 4387 1494 4454 censeat,
1562 4422 1567 4431 1

215 4474 304 4546 nohis
333 4495 451 4558 quoque
479 4495 540 4540 non
568 4478 672 4540 inutile
696 4479 793 4541 visunt
821 4485 874 4552 est,
905 4495 1007 4568 eorum
1036 4477 1288 4542 observationibus
1309 4479 1440 4558 undique
1460 4478 1493 4539 in

214 4595 310 4656 nuum
341 4577 479 4658 collectis,
512 4597 577 4644 rem
608 4579 715 4644 iterum
745 4588 935 4662 pertractare,
970 4590 999 4644 et
1030 4600 1120 4644 novas
1155 4583 1298 4662 quasdam
1323 4594 1496 4663 proponere
