3320 5238
859 363 969 456 ω,

243 557 379 633 deussit,
402 559 535 642 aprocit
558 577 589 623 sc
612 544 715 622 statim
734 556 913 622 marlotum
931 559 1137 623 innumerum
1149 551 1304 642 ‘receptum
1320 559 1522 632 tremuerit.

242 661 415 742 obloquitur
434 661 532 724 honus
561 661 721 736 Eumaeus,
745 677 858 741 negans
875 661 1038 723 molestias·
1053 663 1132 724 ullas
1160 663 1219 724 mi
1245 665 1373 744 pararis
1389 678 1524 748 comque

240 759 408 826 Telemachi
440 761 544 826 saltem
577 763 743 838 adventurn,
776 763 828 843 qui
859 763 917 842 lpsl
949 751 1057 828 melius
1082 759 1192 826 deinde
1211 766 1385 845 prospicua
1412 771 1519 848 possit,

240 865 271 928 iu
295 883 347 926 sua
370 864 458 927 domo
480 863 562 927 iubet
584 871 762 945 exspectare.
807 861 947 926 Procilius
969 865 1047 927 cadit
1068 865 1181 942 Ullius,
1205 881 1379 930 mansurum
1400 887 1435 938 se
1451 885 1522 935 assa
1569 909 1578 924 a

238 967 382 1048 promittit
418 976 447 1029 et
474 965 636 1028 Eumaeum
669 966 706 1027 de
734 965 907 1046 parentibus
934 967 997 1028 suis
1026 965 1122 1046 deque
1149 967 1251 1047 priore
1277 967 1524 1056 ipsipsiomna.

239 1066 414 1131 sciscitatur.
458 1067 581 1130 Eumaei
608 1067 778 1129 narratione
801 1067 838 1128 ad
860 1068 951 1128 mem
972 1068 1130 1148 perducta,
1160 1069 1248 1130 anilo
1265 1069 1401 1132 mutum
1420 1073 1523 1136 ὤεον-

192 1165 199 1172 ’
238 1171 313 1233 dunt
335 1181 365 1233 et
385 1184 440 1252 per
460 1167 548 1230 breue
571 1177 698 1248 tempus,v
720 1185 789 1229 nam
811 1185 916 1248 parurn
939 1187 955 1228 a
977 1170 1073 1248 prittro
1096 1169 1223 1232 diluculo
1245 1169 1346 1247 abiait
1365 1173 1461 1252 urrini
1482 1189 1523 1238 aa

238 1273 360 1334 dedunt.
406 1271 437 1331 V.
455 1270 516 1335 495
539 1271 576 1331 ad
598 1269 806 1330 Telemachum
828 1269 906 1331 redit
927 1270 1066 1332 namatio.

322 1373 406 1433 lianc
434 1381 532 1433 autem
560 1371 596 1433 de
623 1371 707 1434 Ulixe
735 1379 766 1432 et
787 1369 930 1432 Emnaeo·
947 1371 1160 1450 digressionem
1188 1391 1293 1452 parum
1322 1383 1419 1454 aptam
1446 1377 1523 1440 esse'

139 1521 143 1528 .
237 1493 345 1537 οεοεεο
368 1481 398 1535 et
420 1473 544 1534 alienam
573 1472 615 1560 ab
637 1491 673 1532 eo
695 1471 825 1532 carmine
848 1471 926 1550 quod
948 1469 1139 1556 Τηλεμάχου
1161 1469 1248 1557 πρὸς
1264 1469 1412 1557 Εὔμαιον
1434 1469 1516 1561 dirps»

238 1574 288 1654 ξιν
310 1573 456 1638 continet:
479 1575 607 1655 primum
633 1573 711 1634 enim
733 1569 817 1634 initio
839 1571 928 1634 huius
949 1572 1015 1636 libri
1040 1588 1145 1652 parum
1167 1583 1234 1656 apte
1252 1592 1366 1637 annexa
1380 1584 1436 1652 est,
1461 1578 1516 1640 im·

236 1695 285 1740 mo
308 1675 485 1738 narrationis
508 1675 642 1736 ordinem
665 1675 695 1734 in
718 1674 784 1753 ipso
806 1674 1012 1753 catastrophen
1033 1686 1185 1738 momento
1198 1677 1383 1757 ineptissime
1400 1681 1513 1747 turbate

237 1779 343 1842 deinde
366 1777 446 1839 nullo
468 1777 557 1838 modo
579 1793 646 1838 cum
668 1777 728 1836 llne
749 1774 817 1837 libri
838 1775 985 1837 cohaeret.
1016 1777 1083 1856 lpsa
1105 1797 1162 1856 per
1182 1797 1215 1840 se
1237 1786 1367 1858 spectata
1389 1795 1451 1843 nen
1466 1799 1517 1843 so·

235 1881 296 1942 lum
318 1879 419 1941 multis
440 1879 554 1940 laborat
575 1877 695 1958 ineptiis
717 1883 747 1937 et
767 1893 906 1955 perverso
929 1877 1107 1940 narrationis
1121 1897 1239 1959 genere,
1263 1881 1317 1942 sed
1331 1881 1420 1946 etiarn
1434 1883 1515 1962 prio-

235 1981 318 2044 iibus
340 1979 507 2059 rhapsodiis
530 1979 596 2059 plus
619 1978 711 2039 semel
732 1977 891 2038 manifesto
911 1987 1065 2057 repugnat

240 2085 245 2093 '
320 2079 450 2142 Primum
480 2081 558 2141 enim
587 2079 688 2140 mirari
710 2074 803 2154 subit,
826 2095 880 2140 cur
902 2078 1000 2140 Ulixes
1022 2080 1059 2141 de
1080 2089 1238 2160 parentum
1260 2082 1395 2158 tonum,
1423 2100 1512 2164 qum

113 2201 124 2214 .
235 2183 315 2263 apud
342 2181 452 2242 inferos
481 2181 539 2242 iam
567 2181 603 2242 ab
626 2180 690 2260 ipsa
712 2187 807 2242 matre
829 2180 992 2254 audiverat,
1022 2179 1128 2242 iterum
1150 2182 1314 2244 Eumaeum
1337 2185 1534 2248 sciscitetis.-

235 2283 278 2346 De
302 2303 358 2364 qua
382 2301 449 2344 cum
471 2283 619 2344 Eumaeus
641 2281 769 2343 breviter
789 2287 904 2342 tantum
927 2299 1024 2360 neque
1041 2277 1165 2343 uberius
1178 2292 1314 2362 exponat,
1337 2285 1394 2346 hoc
1409 2305 1445 2348 eo
1461 2287 1514 2348 dc-

235 2405 316 2448 mum
345 2385 468 2446 consilio
496 2403 513 2444 a
541 2391 628 2464 poeta
655 2383 821 2446 institutum
849 2399 916 2442 esse
944 2381 1145 2460 suspicamur,
1174 2391 1208 2443 ut
1234 2383 1299 2462 ipsa
1320 2385 1357 2444 de
1379 2386 1511 2448 Eumaeo

235 2487 365 2550 narratio
393 2504 459 2547 cum
488 2482 731 2548 antecedentibus
763 2481 860 2562 aliqua
888 2482 1003 2543 ratione
1032 2482 1188 2545 coniuncta
1210 2483 1350 2546 rideatur.
1395 2485 1510 2548 Deinde

234 2589 358 2651 ollandit
379 2607 435 2649 nos
457 2606 482 2647 v.
500 2589 572 2661 362,
595 2586 626 2647 in
649 2602 708 2666 quo
725 2583 866 2659 Ctimene,
889 2582 1088 2665 Ulixissorpr
1109 2593 1139 2658 et
1160 2584 1281 2646 minima
1304 2585 1423 2664 quidem
1439 2595 1512 2649 natu

235 2687 305 2776 (τὴν
338 2683 526 2772 ὁπλοτάτην
548 2691 620 2752 τέκε
652 2684 794 2763 παίδων,
829 2686 949 2748 scholi:
982 2682 1232 2770 tipa'aeordopr)
1253 2697 1510 2766 commemoratur,

232 2809 412 2874 quamquam
440 2799 616 2870 pentotam
637 2789 801 2868 odysseam
823 2805 977 2867 uunquam
1000 2787 1074 2853 Ulisi
1097 2805 1230 2862 sororem
1252 2789 1343 2850 luisse
1365 2790 1510 2868 audimus,

143 2953 147 2960 ,
233 2893 324 2956 immo
343 2884 362 2954 ‘e
385 2913 421 2968 π,
443 2893 518 2954 118:

387 2975 452 3053 ὦδε
472 2985 533 3073 γάρ
555 2979 715 3071 ἡμετέρην
737 2981 847 3068 γενεὴν
869 2982 1022 3066 μούνωσε
1040 2990 1221 3068 Κρονίωνν

235 3099 239 3108 ’
296 3114 300 3120 ’
385 3089 508 3172 μοῦνον
530 3091 686 3170 Λαέρτην
704 3078 891 3168 Ἀρκείσιος
912 3081 985 3149 οἷὸν
1007 3083 1130 3150 ἔτικτεν

384 3191 506 3273 μοῦνον
530 3182 562 3253 δ’
587 3175 655 3251 αὖτ’
676 3179 820 3271 Ὀάοοῆα
836 3181 951 3271 πατὴρ
973 3189 1079 3252 auser
1101 3179 1206 3272 αὐτὰρ
1225 3181 1401 3268 Ὀδυσσεὺς

384 3289 507 3373 μοῦνον
529 3282 578 3372 ’ἔμ’
604 3286 637 3354 ἐν
658 3284 833 3372 μεγάροισι
853 3283 955 3353 τεκὼν
977 3282 1083 3353 λίπεν.

231 3395 262 3455 in
284 3391 376 3454 Ulixis
403 3393 511 3453 lamilia
541 3393 660 3454 unicum
689 3408 809 3470 semper
835 3391 928 3452 lilium
956 3410 973 3452 a
1002 3409 1120 3471 quoque
1141 3397 1225 3471 pulte
1247 3411 1264 3453 e
1286 3393 1362 3456 lovis
1384 3394 1509 3456 consilio

230 3493 362 3575 genitum
384 3513 450 3555 esse
474 3493 623 3556 discimus
668 3491 705 3554 tt
727 3493 794 3572 quis
816 3509 925 3554 nonu.
940 3492 1085 3572 unusqu
1107 3493 1245 3571 mnsur,
1266 3495 1319 3558 ubi
1341 3496 1439 3558 Ulixes
1461 3513 1511 3558 re-

229 3602 321 3679 pente
343 3595 463 3657 clamat:

404 3687 432 3760 ὦ
454 3691 574 3772 πόποι,
599 3688 644 3770 ὥς
666 3689 730 3777 άρα
750 3690 876 3770 τυτθὸς
897 3689 969 3771 loir,
992 3689 1120 3776 Εάμαιε
1142 3696 1284 3780 συβῶτα,

354 3863 363 3879 ρ
404 3793 531 3862 πολλὸν
554 3789 797 3880 ἀπεπλάγχθης
818 3796 878 3880 σῆς
899 3787 1142 3894 πατρίδοςιήδὲ
1162 3795 1288 3883 τοκήων

230 3919 316 3983 quae,
339 3901 407 3980 quia
430 3919 510 3962 nunc
531 3899 651 3980 quidem
671 3897 736 3979 ipse
752 3898 900 3960 Eumaeus
923 3916 1025 3960 eurum
1047 3909 1088 3962 ne
1108 3891 1260 3962 minimam
1281 3899 1402 3993 quidem
1423 3917 1509 3962 men·

229 4003 341 4065 tionem
357 4003 474 4078 lecerat,
497 4010 582 4064 antea
604 4007 711 4073 autern,
736 3999 768 4078 ξ,
788 4003 847 4065 139
857 4004 965 4077 -141,
980 4007 1041 4062 tam
1057 4000 1192 4080 ambigue
1206 4001 1397 4081 pronuntiata
1413 4010 1507 4079 erant,

230 4099 311 4162 nulla
333 4103 447 4164 ratione
471 4103 546 4164 scire
569 4103 664 4183 potuit
685 4101 793 4163 Ulixes.

316 4199 369 4262 llis
390 4211 489 4293 ¹autem
511 4203 644 4264 versibus
666 4202 724 4263 iam
745 4201 852 4262 transit
873 4209 960 4282 poeta
983 4203 1020 4262 ad
1034 4203 1157 4264 Eumael
1172 4204 1270 4280 vitam,
1292 4205 1362 4266 inda
1377 4223 1394 4266 a
1408 4223 1435 4266 v.
1444 4206 1512 4270 389·

232 4321 347 4368 summa
370 4301 488 4383 quidem
511 4313 541 4366 et
561 4309 661 4365 reruln
683 4311 713 4366 et
733 4301 1046 4364 verborumubertue
1067 4312 1225 4380 amatam,
1248 4305 1289 4366 ita
1305 4316 1406 4370 tamen
1421 4313 1454 4369 ut
1466 4305 1506 4368 dc

230 4403 383 4466 nonnullis
411 4412 440 4465 et
467 4405 648 4484 gravioribus
677 4405 796 4484 quidem
826 4405 915 4466 rebus
943 4404 974 4466 in
997 4395 1110 4467 incerto
1131 4405 1349 4486 relinquamur,
1377 4409 1433 4470 alia
1455 4416 1508 4471 aut

229 4505 303 4568 lalso
326 4515 376 4569 aut
398 4513 499 4567 contra
519 4507 580 4566 ‚veri
603 4505 824 4568 similitudinem
846 4507 933 4568 nobis
951 4507 1113 4570 tradantur.
1143 4509 1209 4570 lluc
1222 4510 1374 4590 pertinent
1394 4508 1505 4584 omma,

229 4603 317 4688 quao'
328 4605 364 4669 de
385 4605 481 4688 prima
503 4625 556 4668 sua
578 4607 701 4669 infantia
711 4607 861 4670 Eumaeus
882 4616 944 4671 tam
954 4610 1067 4689 pauline
1082 4611 1210 4690 exponit,
1227 4629 1303 4691 quae
1317 4611 1376 4673 iam
1390 4618 1505 4673 rueres
