3332 5236
800 299 820 362 ἲ

708 383 912 396 -n——u—

169 483 301 549 muare
328 481 482 562 doctorem
510 483 661 548 communi
680 483 800 559 iudicio,
830 484 963 566 quaneh
984 483 1050 556 aliie
1071 492 1122 550 eut
1143 485 1265 554 omniuo
1286 485 1445 568 neglectae,

170 593 224 650 aut
249 584 349 652 mune
373 583 451 648 haue
478 583 570 648 tactae
592 602 659 650 cese
679 585 815 654 vidimus.
859 586 933 656 lude
954 586 1177 668 Parahpomcna
1199 588 1320 658 metrica
1341 589 1447 659 mech

168 684 576 768 ptunmtnoeuohhettc
620 685 1211 770 lamnaroremipeamaaenediamur,

685 931 943 951 nanu-nunnunq-

564 1153 763 1250 ChPUT
800 1155 1059 1250 PRIMUM.
1315 1253 1323 1266 ,

350 1325 407 1388 οο
431 1325 654 1391 erasurus
675 1327 733 1390 nr
755 1327 1008 1392 onntnmus
1023 1329 1261 1394 -uurntcta

254 1495 328 1559 Cum
355 1513 459 1562 omnes
485 1495 769 1577 longimanum,
792 1507 854 1562 turn
875 1516 978 1564 nereus
1000 1499 1146 1576 heroicos,
1174 1518 1213 1562 ne
1235 1501 1375 1582 primaria
1395 1501 1446 1574 illa

167 1606 199 1660 et
224 1581 478 1678 promuntunum
506 1599 579 1664 artie
606 1597 745 1666 metticae
766 1598 814 1662 lex
835 1599 967 1676 violetur,
998 1618 1074 1680 quae
1095 1601 1126 1664 in
1147 1610 1311 1670 metrorum
1333 1604 1445 1676 unitata

166 1698 241 1764 erm
267 1698 459 1780 temperanda
488 1710 519 1764 et
538 1698 678 1765 radenda
700 1707 824 1776 conant
854 1699 1029 1766 incisionem
1051 1700 1180 1781 aliquam
1201 1704 1361 1786 efflagitare
1382 1723 1446 1768 mo
1552 1681 1556 1698 ¹

166 1798 246 1864 tien
267 1817 322 1882 per
343 1799 456 1867 ordinis
476 1801 591 1865 metrici
612 1802 703 1866 finem
725 1801 924 1876 commutem,
950 1820 1007 1884 qua
1029 1802 1062 1866 in
1084 1802 1158 1866 duae
1181 1801 1356 1871 dirimantur
1377 1820 1446 1882 para

165 1909 213 1967 tea
239 1920 301 1966 nou
333 1921 422 1983 parea
449 1902 502 1966 aed
530 1902 670 1983 impares,
699 1921 737 1967 ne
758 1902 897 1983 languida
918 1903 1081 1966 eorundem
1103 1903 1308 1984 rhythmorum
1330 1902 1445 1966 iteratio

165 2003 348 2070 mhenuum
370 2019 457 2068 aurea
479 2003 618 2078 offendat,
641 2021 714 2070 uere
736 2003 767 2066 in
788 2002 860 2066 iliud
882 2003 981 2086 ipsum
1002 2003 1104 2068 vitium
1126 2003 1232 2068 iterum
1254 2003 1365 2068 incidat
1381 2021 1446 2066 vem

164 2121 227 2178 ute,
255 2104 304 2170 cui
331 2104 449 2170 vitando
470 2104 575 2170 incisio
596 2103 656 2180 illa,
678 2104 738 2168 sive
760 2122 883 2169 caesura
904 2103 1132 2181 adsciscebatur,
1161 2106 1219 2170 iam
1241 2089 1361 2178 veteres,
1376 2124 1445 2188 pera

163 2214 322 2286 sperarant
344 2205 536 2286 grammatici,
559 2223 686 2286 quorum
707 2206 870 2271 sententiae
892 2205 948 2271 hac
968 2206 1006 2268 de
1027 2225 1060 2270 re
1074 2205 1214 2288 prolatas,
1237 2226 1327 2289 supra
1341 2225 1445 2270 recena

163 2308 222 2372 mi.
257 2307 354 2388 Atque
375 2316 510 2388 apertum
532 2315 588 2382 eet,
609 2307 684 2373 duae
706 2306 770 2370 illae
791 2323 931 2372 versuum
952 2316 1053 2388 partes
1074 2327 1129 2390 per
1149 2309 1320 2390 primariam
1342 2327 1445 2372 caesu-

164 2425 229 2474 ram
251 2408 292 2476 itt
313 2407 499 2484 constitutae,
523 2407 631 2470 iterum
652 2407 736 2470 novis
758 2407 889 2475 masuris
910 2408 942 2470 in
963 2409 1095 2476 minores
1117 2411 1261 2492 quasdam
1282 2408 1442 2492 particular

163 2508 264 2575 dirimi
283 2527 383 2590 poam,
405 2509 446 2572 ita
468 2509 597 2590 qudem,
620 2518 653 2574 ut
673 2509 699 2572 si
719 2509 778 2575 hoc
799 2510 859 2586 flat,
882 2509 1024 2575 maiorem
1045 2511 1116 2572 inde
1137 2512 1260 2592 gratiam
1283 2519 1313 2574 et
1332 2509 1444 2574 voluhi·
1476 2553 1484 2584 .

164 2609 278 2678 heum
307 2628 410 2674 vorsus
436 2611 501 2692 ipae
529 2611 661 2693 accipiat,
690 2611 737 2676 sin
759 2611 868 2688 minue,
896 2629 957 2674 non
979 2619 1079 2676 tamen
1101 2611 1182 2676 omni
1202 2611 1296 2692 gnatia
1317 2630 1383 2674 eam
1402 2610 1443 2686 oh

165 2727 302 2778 mutum
329 2711 487 2779 dmurutue
513 2713 655 2777 videatru.
699 2713 802 2794 ltaque
832 2729 891 2774 une
921 2711 971 2774 illa
999 2728 1121 2774 caesura
1149 2712 1315 2776 necessaria
1344 2721 1390 2774 est
1410 2715 1442 2784 in

163 2829 346 2894 magnoque
367 2831 462 2888 versu,
490 2832 615 2894 eamque
636 2813 788 2876 metricam
811 2830 915 2877 vocare
936 2811 1035 2878 liccat:
1069 2812 1143 2874 aliae
1165 2830 1224 2876 non
1248 2821 1319 2876 sunt
1339 2830 1444 2878 necca-

163 2913 260 2980 rariae
280 2931 317 2978 ex
337 2915 424 2980 metri
444 2914 569 2990 ratione,
592 2914 645 2976 red
667 2914 732 2995 ipaa
753 2913 928 2995 plerumque
950 2913 1089 2978 ordinum
1111 2921 1217 2978 natura
1238 2913 1442 2998 suppeditatao

162 3015 289 3098 ideoque
310 3014 462 3082 naturales
482 3033 499 3077 a
522 3014 609 3078 nohis
631 3015 782 3080 dicautur:
806 3034 881 3096 quae
903 3035 971 3080 cum
994 3015 1127 3098 speciose
1142 3014 1291 3078 interdum
1305 3015 1442 3096 usurpari

163 3116 289 3200 poeaiat,
317 3125 348 3183 et
376 3125 498 3182 nemete
519 3117 558 3180 ad
578 3135 746 3192 numanam,
769 3135 824 3197 per
844 3135 878 3180 ec
899 3125 971 3196 puto
993 3126 1128 3198 apertum
1150 3126 1205 3192 est,
1233 3117 1265 3180 in
1288 3117 1442 3198 utriusque

163 3217 280 3298 genam
301 3217 433 3284 mecurio
454 3226 534 3282 recte
557 3226 588 3281 et
607 3218 770 3299 prudenter
791 3216 1007 3289 consonantis,
1033 3226 1127 3280 artem
1150 3226 1180 3281 et
1200 3218 1351 3300 ingenium
1373 3237 1443 3300 pro·

162 3317 228 3384 huri
248 3337 338 3400 peace
359 3337 378 3380 a
405 3319 501 3400 poetis
522 3338 611 3399 quam
631 3319 768 3394 maxime,
795 3318 880 3380 cuiue
901 3317 945 3380 rei
966 3317 1131 3400 perfectum
1152 3327 1182 3380 et
1203 3318 1369 3384 ahsolutum
1392 3339 1442 3384 ex-

164 3419 277 3504 emplu·
297 3427 343 3484 tot
362 3420 472 3500 egregii
494 3419 718 3486 Homericomm
739 3419 904 3483 caucinum
925 3437 1028 3482 versuo
1050 3418 1198 3484 exhibent.
1232 3419 1312 3484 Haec
1332 3429 1440 3500 autem,

163 3539 231 3586 cum
258 3521 375 3585 aurium
403 3521 590 3602 potissimum
617 3521 678 3585 siut
704 3520 916 3596 blandimenta,
946 3538 1022 3600 quae
1050 3521 1144 3602 magis
1172 3521 1314 3586 interiore
1341 3520 1441 3602 aliquo
1579 3585 1588 3600 ,

162 3622 324 3688 mummia
353 3640 445 3686 acnau
470 3622 584 3702 percipi
612 3631 746 3704 possunt,
775 3639 864 3702 quam
893 3620 990 3684 rerhis
1012 3621 1150 3686 deducte
1172 3621 1279 3706 arporu
1302 3631 1333 3685 et
1353 3622 1441 3687 certis

164 3723 341 3806 quhtuadaur
361 3722 477 3803 iegibus
498 3723 650 3804 adstringi,
673 3741 712 3786 ne
734 3722 865 3804 argutior
886 3722 938 3786 flat
958 3721 1118 3803 disputatio
1139 3741 1205 3786 mea
1227 3732 1257 3784 et
1273 3722 1310 3784 ad
1326 3737 1441 3788 merum

163 3825 317 3890 arctatum
338 3823 437 3888 redire
459 3823 600 3900 videatur,
620 3834 699 3888 corte
720 3823 751 3886 in
773 3824 831 3888 hcc
852 3821 960 3898 libello,
983 3822 1014 3886 in
1037 3843 1095 3905 quo
1118 3823 1155 3886 de
1176 3820 1441 3904 praestantioribus

164 3935 281 3992 emtum
319 3943 423 3990 nereus
460 3925 572 3990 heroici
607 3924 721 4004 legibue
754 3924 964 4006 disputandum
998 3932 1058 3998 est,
1095 3921 1260 3986 accuratius
1292 3939 1440 4004 exponere

163 4045 226 4095 nou
247 4045 379 4110 pomum
1333 4064 1336 4074 ,

248 4128 311 4192 iam
332 4146 412 4203 vero,
435 4126 461 4190 ri
482 4126 513 4192 hi
535 4127 595 4191 duo
616 4143 719 4190 versus
740 4123 889 4188 Homerici
910 4123 988 4186 iuter
1002 4139 1034 4186 ee
1050 4121 1251 4202 conferuntur,
1275 4122 1325 4206 qui
1341 4120 1440 4186 iliadis

163 4239 194 4294 et
215 4229 364 4312 Odysseae
385 4229 524 4308 teguntur
544 4228 576 4292 in
598 4228 700 4304 initiis,

312 4329 430 4413 Μῆνον
452 4324 544 4394 e'r'rcde
565 4324 633 4394 ced
653 4322 852 4412 Πηληιάδεω
871 4317 1024 4410 Ἀχιλῆος

260 4440 291 4500 ct
306 4425 434 4516 Ἄνδρα
453 4449 514 4512 μοι
536 4427 661 4508 ἔννεπε,
682 4428 818 4506 Μοῦσα,
841 4422 1066 4510 πολύτροπον,
1089 4422 1126 4504 ὃς
1146 4422 1236 4509 μάλα
1258 4421 1377 4490 πολλὰ.

163 4549 291 4612 quorum
309 4533 360 4596 iiie
381 4529 555 4608 naaratha,
578 4549 666 4612 quam
688 4529 822 4608 diumua,
844 4529 893 4594 hio
913 4528 1056 4594 feminina
1071 4547 1192 4592 caesura
1206 4525 1367 4590 instructus
1382 4529 1436 4600 est,
