3332 5236
842 349 883 414 m
1003 403 1008 410 .

220 535 321 618 patim
342 533 512 600 meundnm
534 541 580 596 ert
600 531 788 598 emtemlam
820 533 1056 608 Nominatum
1075 547 1221 596 remurm-
1235 531 1501 614 σισὴνιιεεεηλοσ
1554 523 1575 588 “.

221 655 347 702 numero
367 645 402 702 ut
420 635 527 699 hellim
549 634 634 715 quasi
655 635 781 702 stridore
804 652 891 698 amas
909 635 1067 700 obtundat
1102 635 1144 696 lto
1165 649 1358 698 numerorum
1379 632 1507 714 quiden
1605 697 1608 702 .

222 739 357 802 celeritas
378 754 440 800 non
463 737 558 799 aliena
580 742 626 798 est
647 755 664 798 a
686 736 810 812 Nonne,
838 742 941 816 utpote
963 736 1014 817 quai
1035 735 1225 815 longissimus
1247 734 1286 797 eit
1306 733 1338 796 in
1360 734 1503 800 oratiou-

221 840 279 904 hns
300 839 453 913 ornandis,
475 837 591 901 brevior
611 835 761 902 interdum
782 837 814 900 in
836 837 901 918 ipae
918 835 1096 900 narrationis
1112 839 1231 898 tenore:
1253 845 1407 899 tamenne
1421 835 1502 898 hane

222 941 342 1022 σιάλοιο
364 957 498 1004 masuam
520 938 612 1018 luisse
629 955 738 1000 oeaaao
752 956 807 1002 our
819 939 895 1002 adeo
911 936 1106 1020 lroqumtamt
1120 936 1259 1017 daotyles.
1282 936 1343 1000 Sed
1357 944 1391 1000 ut
1403 935 1504 1002 hrort-

221 1051 267 1106 tor
282 1043 387 1114 dicam,
402 1039 525 1119 proleoti
540 1047 611 1102 sunt
625 1057 661 1100 ex
675 1039 748 1120 ipsis
764 1057 905 1102 caesurae
919 1039 1042 1120 legibus,
1059 1055 1133 1117 quas
1144 1037 1269 1100 Nonnus
1280 1037 1337 1103 sint
1346 1038 1498 1120 inmutauit.
1531 1103 1537 1114 ,

308 1142 374 1216 Quo
394 1140 460 1206 loon
481 1141 582 1215 miror,
605 1140 857 1219 neglectam&
879 1141 1060 1222 praeclaram
1082 1138 1351 1202 observationem-o
1366 1139 1501 1220 Spohnio

221 1243 292 1306 olim
313 1241 467 1324 prolatam,
500 1242 538 1304 de
559 1249 632 1304 extr.
655 1247 738 1321 parte
760 1259 790 1321 p.
806 1245 857 1304 nt.
880 1261 911 1304 n.
930 1245 979 1307 13.
1001 1243 1120 1321 pata.
1165 1240 1195 1303 la
1216 1240 1297 1302 onim
1318 1239 1357 1302 de
1378 1247 1504 1307 caesura

220 1344 371 1408 monheim
394 1342 473 1422 apud
494 1341 656 1404 llomerum
677 1342 841 1404 modeeima
862 1341 903 1404 ita
925 1341 1097 1423 disputavit:
1123 1340 1169 1404 ‘in
1190 1340 1433 1406 antecedentibus
1447 1361 1518 1422 W-

221 1444 324 1519 dibus,
352 1443 450 1524 nmmo
477 1451 507 1506 et
534 1443 681 1517 seeundo,
710 1459 775 1506 eam
803 1443 862 1504 vim
887 1443 978 1506 habet
998 1444 1072 1506 haee
1093 1461 1231 1518 mesura,
1260 1453 1293 1506 ut
1311 1442 1345 1506 in
1366 1443 1504 1523 proritat

220 1563 406 1627 praegresso,
429 1544 480 1626 qui
501 1553 549 1608 eet
569 1544 732 1608 hexametri
755 1545 904 1606 secundus
925 1544 958 1606 iu
974 1543 1145 1606 universum
1160 1543 1291 1624 daetylua
1304 1544 1499 1625 praetorum.

220 1646 352 1727 Augetur
373 1646 447 1708 haee
469 1645 533 1708 eius
555 1645 612 1720 vis,
640 1645 666 1706 si
687 1645 719 1706 in
740 1645 837 1726 primo
859 1645 935 1726 pede
957 1644 1096 1725 daotyliea
1118 1664 1174 1708 vox
1194 1645 1373 1726 praeoeeait3
1400 1653 1431 1708 et
1451 1663 1504 1731 aa·¹

221 1748 345 1813 ardenta
366 1745 534 1827 posthanc
555 1744 725 1826 dactylicam
746 1746 831 1826 pedis
852 1746 940 1826 primi
960 1765 1062 1810 vocem
1085 1765 1207 1810 caestum
1231 1746 1333 1822 tertia,
1356 1757 1432 1827 quae
1453 1754 1501 1810 eet

219 1850 252 1912 in
274 1851 334 1914 line
355 1847 476 1912 theseos
497 1847 621 1928 primae,
643 1847 684 1910 ita
705 1847 912 1910 corroboratur
933 1856 963 1910 et
976 1848 1176 1919 confirmatur,
1200 1855 1232 1910 ut
1245 1865 1342 1929 paone
1357 1839 1502 1914 solemnia

220 1951 260 2014 ait
280 1951 312 2012 in
333 1949 410 2028 pedo
432 1949 563 2012 amando
586 1948 744 2027 dactylium
766 1967 919 2012 numerus.
963 1949 1114 2014 Interdum
1136 1948 1307 2029 dactylicam
1328 1965 1445 2025 vadem.
1465 1949 1502 2013 iu

220 2050 297 2132 pede
318 2049 415 2130 primo
436 2049 573 2130 postam,
596 2049 730 2128 sequitur
750 2049 902 2130 spondeus
923 2051 955 2112 in
976 2051 1053 2131 pede
1074 2051 1222 2126 seeundo,
1245 2065 1425 2131 quamquem
1446 2050 1500 2116 ad·

221 2161 267 2214 eat
293 2149 439 2212 intortio
467 2168 590 2214 caesura
616 2150 780 2226 uoohaioa3
808 2152 866 2214 hoo
893 2160 991 2216 autom
1018 2151 1193 2231 plerumque
1219 2159 1291 2214 tuno
1317 2159 1433 2217 tautum
1453 2152 1498 2226 tt

220 2252 271 2314 abi
294 2261 344 2314 aut
365 2251 499 2330 sequitur
521 2249 601 2314 illam
624 2251 795 2331 dactylicam
817 2271 917 2316 vonam
938 2252 1060 2316 verbum
1074 2245 1369 2336 όπιρδισόλλοιβον,
1392 2261 1445 2320 aot
1465 2253 1500 2316 in

219 2363 303 2435 parte
331 2352 495 2434 posteriore
523 2352 598 2414 meri
620 2352 743 2433 dactyli,
771 2361 827 2416 aut
847 2354 898 2417 ulii
919 2365 1077 2435 utrumque
1100 2354 1188 2418 sunul
1209 2353 1310 2419 adeat’
1353 2353 1500 2434 Exenmlo

221 2455 333 2520 alethi
355 2471 475 2516 versusr
1369 2475 1371 2479 ’

425 2539 1236 2632 ,ωινήῗῐ-Ἷιήυή-ωΙ-ῦῦηᾱ

262 2657 297 2720 ll.
311 2658 349 2735 Ε,
367 2659 445 2722 723:
466 2651 597 2736 χάλκεα,
621 2646 816 2741 ὀκτάκνημα,
839 2654 983 2742 σιδηρέῳ
1005 2652 1100 2734 όξονι
1122 2649 1236 2743 όμφλς.

366 2760 443 2824 898:
467 2752 513 2834 ὣς
535 2753 632 2841 φάτο,
655 2757 710 2822 καὶ
731 2751 870 2842 Παιήον’
896 2751 1016 2842 ἀνώγει
1037 2756 1212 2842 ἰήσασθαι.

305 2862 346 2937 K,
363 2861 442 2926 482:
466 2854 511 2934 ὣς
534 2853 638 2942 φάτο·
661 2858 708 2940 τῷ
731 2849 764 2920 d'
790 2856 954 2937 ἔμπνευσε
974 2863 1072 2940 μένος
1092 2857 1283 2942 γλαυκῶπις
1299 2853 1463 2944 Ἀθήνη..

298 2961 347 3037 A,
364 2963 442 3023 251:
465 2949 621 3042 έφθιόά’,
645 2954 681 3020 οἵ
701 2954 734 3022 οἱ
755 2953 908 3040 πρόσθεν
930 2953 1001 3040 ’ἅμα
1021 2957 1146 3044 τράφεν
1168 2951 1223 3044 ἠδ’
1248 2957 1406 3043 ἐγένοντο.

304 3061 346 3144 Δ,
363 3062 440 3124 523:
463 3055 644 3135 κάππεσεν,
669 3051 771 3141 όμφισ
790 3065 880 3144 χεῖρε
903 3059 1016 3144 φίλοις
1038 3057 1188 3146 ἑτάροισι
1209 3058 1382 3138 πετάσσας

363 3162 441 3227 648:
467 3151 652 3244 Τληπόλεμ’
676 3153 753 3242 ἤτοι
772 3167 879 3238 κεῖνος
901 3153 1072 3227 ἀπώλεσεν
1087 3157 1185 3226 Ἴλιον
1209 3159 1290 3248 ἱρήν.

221 3263 330 3326 Contra
352 3261 497 3324 eiusmodi
519 3279 631 3336 versus,
654 3261 756 3340 quales
778 3269 862 3323 sunt:

319 3367 347 3442 I,
363 3367 441 3428 440:
464 3359 595 3448 νήπιον,
619 3356 715 3428 odoro
739 3354 843 3426 εἰδόθ’
870 3355 1001 3446 όμοιλοο
1027 3364 1191 3448 πολέμοιο

298 3469 346 3541 Λ,
363 3468 442 3529 267:
466 3463 617 3546 ἔσσομαι,
643 3457 688 3540 ὥς
709 3460 747 3528 τό
770 3465 904 3548 πρῶτον
926 3459 1071 3552 ὑπέστην
1092 3465 1147 3532 καὶ
1169 3469 1346 3537 κατένευσα

364 3567 442 3630 824:
466 3561 607 3644 έσσεται,
632 3555 699 3628 ἀλλ’
725 3561 758 3630 έν
781 3567 876 3651 νηυσὶ
897 3566 1089 3650 μελαίνῃσιν
1111 3571 1299 3632 πεσέονται.

220 3666 380 3728 admodum
411 3666 470 3729 rari
499 3673 577 3730 sunt.
620 3667 715 3746 Atque
743 3667 817 3729 haee
839 3669 963 3749 Spohuii
984 3668 1148 3732 observatio
1170 3669 1201 3731 in
1223 3666 1392 3730 universum
1413 3673 1495 3726 reeta

220 3776 280 3843 eat,
310 3786 379 3830 nam
407 3768 522 3832 etiamsi
551 3768 631 3830 haud
658 3770 745 3848 pauni
771 3778 979 3844 sanaremus,
1007 3769 1038 3830 in
1061 3769 1169 3850 quibus
1191 3767 1355 3850 neglectam
1375 3766 1493 3840 videris,

219 3878 319 3934 tamen
341 3871 399 3932 hoe
419 3887 475 3950 pro
497 3878 578 3932 oorto
599 3871 771 3951 ponendum
793 3879 848 3948 est,
870 3870 1048 3938 troohaioam
1069 3889 1222 3934 mesanam
1245 3870 1383 3935 adamare
1397 3869 1496 3948 ἀεσιφ-

219 3971 265 4035 Ιοε
286 3991 348 4034 non
370 3972 402 4035 in
423 3971 572 4052 prioribus
593 3980 723 4048 tantum,
746 3973 799 4036 sed
821 3974 853 4036 in
874 3972 1013 4036 omnibus
1033 3973 1155 4036 omnino
1176 3971 1338 4036 hexametri
1359 3969 1495 4051 pedibus.

79 4133 91 4151 ,
221 4072 358 4138 Ceterum
379 4073 451 4136 abiit
471 4073 503 4136 in
525 4075 651 4138 eandam
673 4057 849 4138 sentenliam
871 4074 915 4136 vir
936 4075 1040 4138 doetus
1061 4075 1093 4138 in
1107 4075 1264 4144 lluetzellii
1278 4073 1403 4154 Ephem.
1418 4071 1451 4144 V.
1464 4073 1504 4136 2.-

143 4171 146 4179 ’
221 4175 314 4240 1851.
337 4191 368 4252 p.
385 4178 462 4249 740,
491 4175 575 4238 ouius
602 4176 676 4238 haee
702 4181 773 4236 sunt
794 4174 880 4236 verba
910 4175 1053 4238 ‘Homero
1074 4193 1141 4238 vers
1162 4177 1202 4238 ist
1223 4177 1271 4240 ein
1291 4173 1496 4255 dactylisoher,
1532 4207 1536 4214 -

220 4273 269 4338 die
297 4273 451 4353 spondoeo
479 4274 510 4336 in
540 4275 711 4338 demselben
734 4275 801 4337 sind
824 4275 1070 4354 untergeordnete
1091 4275 1181 4338 thella
1203 4277 1264 4338 und
1287 4277 1330 4338 ολ
1350 4293 1409 4338 nur
1428 4291 1495 4336 vom

96 4443 100 4454 x
220 4393 340 4456 arrange
362 4375 609 4462 nerbaigeluehrt,
632 4378 669 4439 da
691 4375 763 4438 viela
785 4375 1030 4438 unentbeltrliehe
1050 4377 1278 4456 wortspondeen
1295 4377 1383 4440 keine
1398 4376 1497 4452 dacty-

218 4475 312 4540 liunlre
333 4479 409 4542 form
431 4478 609 4553 annelamem
632 4477 706 4538 viole
728 4477 803 4540 aueh
825 4476 879 4539 der
900 4477 1018 4542 lrtthere
1033 4477 1287 4559 apraehgebrauoh
1303 4478 1357 4540 der
1370 4475 1496 4554 rhapeo·

220 4575 269 4642 die
291 4577 330 4655 (l)
353 4577 609 4658 untergasehobeu
628 4578 699 4641 hat’
773 4667 776 4677 y
