3320 5238
762 409 970 448 *pu—anu·-

224 521 497 606 pean-anunm
516 538 587 599 ergo
608 520 730 584 domum
744 517 845 593 uluis,
867 516 1079 592 oui'manimas
1098 516 1211 596 aalma
1229 515 1367 594 detuit
1389 525 1423 583 et
1439 529 1509 602 cuit

226 625 378 690 mantua
399 641 453 686 aaa
474 623 507 686 in
528 620 736 684 Telounohum
757 619 880 684 conella
900 620 1027 683 incusat.
1057 619 1201 698 Reginam
1222 619 1393 685 consolatur
1413 620 1510 700 llurp·

227 727 360 800 mbas,
382 740 508 805 cuque
528 721 611 786 horae
630 721 729 787 auimo
751 720 833 786 iuhet
848 739 930 794 esse,
951 739 1031 788 nem
1045 738 1078 784 sc
1099 720 1198 800 ipsum
1220 720 1258 782 ah
1274 721 1437 786 annuus?
1429 722 1508 786 miu-

227 829 281 892 riis
303 842 421 906 semper
442 823 649 886 Telemachum
671 839 738 884 esse
761 822 962 884 defensurum
996 821 1121 894 Quom
1143 821 1261 896 auditis,
1282 823 1433 905 Penelope

213 913 218 920 ’
637 914 828 1006 εἷααναβάσ
850 915 1005 1006 imapum
1027 918 1224 1006 σιγαλόεντα
1329 975 1333 986 .

380 1025 493 1092 κλαῖεν
515 1014 617 1090 ἔπειτ’
639 1015 791 1106 Orinaioi,
815 1021 914 1106 φίλαν
937 1020 1050 1101 πόσιν,
1074 1017 1165 1108 όφρα
1185 1021 1221 1088 ολ
1241 1017 1349 1090 ὕπνον

379 1121 461 1212 ἡδὺν
482 1121 539 1190 ἐπὶ
560 1120 763 1208 βλεφάροισι
782 1120 865 1206 βάλε
885 1123 1076 1210 γλαυκῶπις
1094 1116 1234 1210 Ἀθήνη.

157 1249 159 1257 ⁴
228 1231 265 1293 At
285 1230 376 1294 multa
399 1235 501 1290 contra
523 1227 600 1290 hauc
621 1225 821 1288 narrationem
843 1228 970 1306 proferri
992 1236 1022 1290 et
1042 1213 1171 1308 possunt
1191 1236 1221 1291 et
1242 1227 1361 1292 dehent.
1404 1228 1508 1292 Adhuc

229 1331 316 1395 enim.
330 1329 413 1410 proci
434 1330 472 1394 ua
493 1328 582 1392 caede
604 1326 770 1390 Telemachi
803 1326 878 1389 nihil
897 1329 968 1392 certi
991 1329 1215 1404 constituerant.
1259 1329 1339 1394 Saue
1360 1331 1506 1394 Antinous

228 1451 298 1496 sam
317 1432 424 1496 iterum
445 1437 650 1510 proposuerat,
673 1428 727 1490 sed
748 1427 854 1506 reliqui
876 1447 983 1494 omnes
1003 1429 1235 1509 inhmphinomi
1256 1431 1433 1496 senteutiam
1455 1431 1508 1494 ab·

228 1534 334 1609 ierunt,
357 1532 411 1611 qui
428 1530 558 1610 primum
579 1531 653 1592 deos
672 1529 871 1592 consulendos
894 1549 962 1594 esse
982 1539 1146 1607 censuerat,
1169 1532 1268 1612 itaque
1290 1533 1389 1594 caedis
1410 1533 1510 1600 oenu-

228 1635 303 1698 lium
322 1632 520 1696 differendum
543 1648 610 1694 esse
631 1631 755 1695 dixerat.
790 1631 831 1694 Et
842 1647 1031 1712 tquamquam
1053 1641 1141 1712 pocta
1163 1651 1224 1696 neu
1246 1634 1320 1696 dixit
1339 1634 1508 1700 Medontem

229 1736 351 1800 meon
373 1751 531 1814 prooemia
553 1732 677 1796 oonsilio
698 1731 847 1797 rettulisse
858 1732 1034 1813 Penelopae,
1056 1753 1126 1796 nam
1148 1753 1188 1796 ne
1208 1735 1266 1799 hcc
1287 1735 1510 1816 quidemcom

162 1853 169 1859 ·
229 1836 379 1917 perimus,
408 1853 467 1914 que
496 1835 617 1898 tandem
639 1834 753 1896 ratium
775 1834 864 1897 homo
886 1842 1018 1896 secretae
1040 1835 1176 1898 concioni
1197 1837 1343 1902 interesse
1363 1837 1507 1916 pourcritt

228 1944 332 2000 temen
354 1935 380 1998 si
400 1935 549 2014 Penelope
562 1935 721 1998 Antinoum
744 1943 866 2014 propter
887 1935 1013 2000 scelesta
1033 1936 1156 2000 consilia
1176 1937 1335 2012 incusavit·
1351 1945 1508 2003 mascator

228 2053 323 2102 neum
343 2043 408 2098 crat
427 2037 657 2116 Amphinomum
678 2037 825 2100 consolari
846 2044 876 2098 et
896 2035 956 2100 leni
979 2037 1111 2099 oratione
1132 2040 1318 2118 permulcere
1328 2038 1506 2118 Penelopen.

228 2141 301 2220 quia
326 2138 386 2203 ian
407 2137 440 2200 iu
459 2138 603 2200 concinne
622 2145 725 2200 contra
747 2137 907 2200 Antinoum
928 2138 1017 2200 verbu
1039 2139 1163 2212 lecerat,
1193 2159 1253 2200 non
1276 2157 1345 2202 vero
1367 2141 1510 2221 Euryma-

228 2242 331 2304 rhum
375 2239 433 2302 Sed
456 2241 551 2302 etiam
578 2239 610 2300 in
630 2239 696 2318 ipsa
718 2238 837 2317 reginae
859 2239 991 2301 oratione
1013 2239 1117 2300 insunt
1137 2240 1216 2302 haud
1239 2260 1333 2320 panca
1356 2259 1434 2321 quae
1455 2243 1510 2306 die

229 2342 402 2404 hitationem
425 2349 571 2404 moneant
602 2340 697 2412 Quam
720 2339 799 2400 enim
822 2340 859 2401 ch
881 2359 1017 2402 caussam
1039 2358 1078 2400 ne
1098 2340 1187 2402 verbo
1207 2341 1327 2419 quidem
1341 2342 1414 2404 illud
1429 2361 1512 2408 com·

231 2450 377 2506 memoret
398 2443 478 2522 quod
499 2441 537 2504 ah
552 2442 683 2504 Eumaeo
705 2441 865 2518 audiverat,
889 2441 1034 2503 audivisse
1057 2439 1161 2502 saltem
1183 2439 1319 2516 debehat,
1340 2443 1510 2522 pernicioso

142 2610 145 2614 ,
229 2562 389 2628 procerum
411 2543 534 2606 consilia
556 2544 627 2604 deos
648 2543 708 2604 iam
730 2543 822 2604 semel
844 2543 881 2604 ad
903 2542 1019 2604 irritum
1040 2540 1182 2604 vocasse?
1210 2541 1290 2604 Nam
1309 2544 1335 2606 si
1356 2544 1414 2606 hoe
1435 2544 1512 2609 sete,-

231 2649 297 2726 λιι,
319 2657 349 2710 et
370 2653 523 2726 praeterea
545 2644 583 2706 de
603 2644 792 2724 Amphinomi
813 2643 925 2717 verbis,
947 2643 995 2704 vel
1014 2642 1169 2706 minimum
1191 2643 1312 2723 quidem
1333 2663 1350 2706 a
1371 2633 1511 2710 nonime

227 2755 395 2830 ecceperat
417 2765 520 2808 secura
542 2765 663 2808 monere
685 2746 782 2825 potuit
802 2745 867 2808 sine
884 2744 967 2806 omni
981 2745 1096 2819 timore,
1119 2745 1187 2824 quia
1203 2754 1339 2826 apertum
1354 2755 1426 2822 erat,
1448 2747 1510 2812 tam

231 2851 356 2914 scelcsta
384 2847 507 2910 consilia
528 2865 682 2926 nunquam
703 2847 880 2926 probaturos
902 2864 968 2908 csse
990 2847 1073 2906 deos.
1117 2847 1236 2909 Accedit
1256 2849 1338 2926 qued
1359 2855 1421 2916 tota
1442 2828 1533 2912 uerss

230 2953 306 3016 ratio
329 2965 545 3031 supervacanea
565 2956 621 3021 est,
644 2955 675 3010 et
696 2964 763 3010 cum
785 2949 823 3009 ad
845 2946 932 3008 huius
953 2953 1018 3008 turn
1032 2946 1069 3006 ad
1084 2947 1267 3026 reliquorum
1281 2948 1425 3010 librorum
1440 2963 1512 3012 con-
1645 2943 1648 2974 ⁴

229 3061 344 3118 textum
364 3059 427 3112 tam
447 3069 508 3112 non
529 3050 666 3130 pertinet,
690 3058 723 3112 ut
743 3049 808 3112 sine
829 3047 890 3110 ullo
912 3046 1098 3120 detrimento,
1122 3047 1200 3108 salua
1223 3048 1313 3111 totius
1331 3048 1511 3115 narrationis

231 3153 399 3233 integritate
427 3150 493 3212 loco
521 3152 631 3213 mereri
652 3151 758 3232 possit.
800 3149 939 3212 Fortasse
960 3146 1031 3210 clim
1053 3146 1131 3210 illius
1152 3149 1293 3212 carminis
1315 3157 1430 3230 partem
1450 3151 1514 3214 tter,-

229 3257 338 3332 maait‚
371 3252 454 3334 qued
472 3252 504 3313 in
525 3251 601 3314 lihro
623 3261 728 3331 quarto
749 3259 819 3332 post
838 3268 865 3312 v.
881 3252 944 3314 675
965 3249 1085 3329 legitur.
1126 3249 1203 3312 Nam
1223 3249 1323 3312 ibide
1344 3251 1512 3317 Telemachi

234 3356 325 3422 'caede
347 3361 465 3418 auctore
486 3353 660 3429 Antimacho
682 3353 760 3415 inter
781 3371 885 3413 onmes
907 3369 1015 3431 proces
1037 3358 1224 3414 convenerat.
1254 3351 1315 3414 Nec
1336 3351 1514 3417 intercesso-

233 3467 281 3522 rat
299 3456 530 3538 Amphinomus.
573 3455 680 3518 Totum
711 3473 780 3516 vero
807 3472 965 3534 procorum
993 3469 1162 3514 sermonem
1181 3451 1276 3515 :Medo
1305 3461 1384 3516 extra
1412 3453 1512 3518 attium

229 3560 349 3642 pesinis
371 3564 533 3637 exceperat,
556 3555 722 3636 Penelopae
744 3555 905 3628 rettulerat,
928 3572 1003 3633 quac
1022 3553 1124 3616 statim
1145 3569 1213 3614 curn
1234 3553 1337 3616 amicis
1356 3555 1513 3620 aenean
1647 3583 1648 3624 3

231 3647 329 3724 suam
347 3661 496 3722 lomunam
522 3657 581 3720 alta
607 3675 677 3718 voce
704 3655 866 3736 deploravit
894 3663 924 3715 et
945 3673 1063 3715 summu
1084 3653 1187 3714 delere
1208 3671 1361 3732 percussa⁴
1404 3655 1458 3720 Illo
1479 3657 1512 3720 in

229 3763 302 3826 loco
320 3763 366 3824 vel
387 3760 557 3842 gravissime
579 3775 687 3838 procos
709 3757 845 3818 incusare
867 3755 971 3835 potunt,
995 3763 1026 3818 ct
1040 3755 1072 3818 in
1086 3755 1171 3818 illum
1185 3762 1301 3818 mutum
1315 3756 1413 3822 locum
1428 3775 1513 3838 egre·

229 3866 281 3946 gie
302 3862 439 3926 convenit
459 3861 535 3924 hacc
555 3859 1501 3938 digressio..

232 3969 239 4026 ἴ
319 3967 412 4028 llersu
433 3967 507 4027 451.
528 3961 652 4043 proprie
671 3959 791 4042 quidem
812 3959 943 4023 narratio
964 3958 1133 4022 reditadv.
1147 3960 1220 4034 att,
1243 3960 1297 4022 sed
1311 3959 1513 4040 potestctiam

234 4067 1543 4148 subiungimus·

439 4156 584 4230 αὐτίκ’
565 4153 668 4228 επειτ’
692 4153 870 4236 ἀνστάντες
891 4153 972 4242 ἔβαν
994 4156 1097 4240 depono
1120 4159 1168 4236 εἰς
1187 4153 1348 4246 Ὀδυσῆος

341 4271 414 4333 408.
438 4261 595 4340 ἐλθόντες
616 4263 653 4330 δὲ
674 4259 816 4339 καθῖζον
836 4258 894 4326 ἐπὶ
916 4261 1066 4338 §muniet
1083 4257 1274 4344 θρόνᾳισιν.

233 4418 238 4432 ,
303 4406 306 4414 ·
340 4371 416 4434 ten
434 4347 607 4450 Ἑσπόριος
628 4357 660 4429 δ’
682 4357 817 4450 Ὀδυσῆι
835 4362 891 4428 καὶ
912 4359 979 4427 uie‘c
999 4360 1075 4438 όῖαε
1094 4356 1248 4448 ὑφορβός·

438 4463 581 4554 ἤλυθεν·

230 4571 408 4646 nomena„
423 4568 475 4635 uhi
495 4585 618 4648 vespera
641 4565 763 4630 demtum
782 4565 910 4644 revenit,
932 4563 1015 4630 Ulixi
1031 4573 1065 4630 et
1082 4561 1259 4630 Telemacho
1278 4562 1379 4630 omnia
1401 4576 1514 4644 namet,
